%% This BibTeX bibliography file was created using BibDesk.
%% http://bibdesk.sourceforge.net/

%% Created for Shannon at 2020-05-23 19:48:04 -0700 


%% Saved with string encoding Unicode (UTF-8) 



@article{XSEDE,
	Author = {Towns, John and Cockerill, Timothy and Dahan, Maytal and Foster, Ian and Gaither, Kellyand Grimshaw, Andrew and Hazlewood, Victor and Lathrop, Scottand Lifka, Dave and Peterson, Gregory D. and Roskies, Ralph and Scott, J. Ray and Wilkins-Diehr, Nancy },
	Date-Added = {2020-05-23 19:42:16 -0700},
	Date-Modified = {2020-05-23 19:48:04 -0700},
	Doi = {10.1109/MCSE.2014.80},
	Journal = {Computing in Science & Engineering},
	Month = {Sept.-Oct.},
	Number = {5},
	Pages = { 62-74},
	Title = {XSEDE: Accelerating Scientific Discovery},
	Volume = {16},
	Year = {2014}}

@article{Howard_2016_CompPhys,
	Abstract = {We present an algorithm based on linear bounding volume hierarchies (LBVHs) for computing neighbor (Verlet) lists using graphics processing units (GPUs) for colloidal systems characterized by large size disparities. We compare this to a GPU implementation of the current state-of-the-art CPU algorithm based on stenciled cell lists. We report benchmarks for both neighbor list algorithms in a Lennard-Jones binary mixture with synthetic interaction range disparity and a realistic colloid solution. LBVHs outperformed the stenciled cell lists for systems with moderate or large size disparity and dilute or semidilute fractions of large particles, conditions typical of colloidal systems.},
	Author = {Michael P. Howard and Joshua A. Anderson and Arash Nikoubashman and Sharon C. Glotzer and Athanassios Z. Panagiotopoulos},
	Doi = {https://doi.org/10.1016/j.cpc.2016.02.003},
	Issn = {0010-4655},
	Journal = {Computer Physics Communications},
	Keywords = {Molecular simulation, Colloid, Size disparity, Non-uniform, Neighbor list, Bounding volume hierarchy, GPU},
	Pages = {45 - 52},
	Title = {Efficient neighbor list calculation for molecular simulation of colloidal systems using graphics processing units},
	Url = {http://www.sciencedirect.com/science/article/pii/S0010465516300182},
	Volume = {203},
	Year = {2016},
	Bdsk-Url-1 = {http://www.sciencedirect.com/science/article/pii/S0010465516300182},
	Bdsk-Url-2 = {https://doi.org/10.1016/j.cpc.2016.02.003}}

@article{Klotsa_2020_SoftMatter,
	Annote = {doi: 10.1039/C9SM01799B},
	Author = {Thomas Kolb and Daphne Klotsa},
	Date-Added = {2020-02-03 15:24:19 -0500},
	Date-Modified = {2020-02-03 15:27:22 -0500},
	Journal = {Soft Matter},
	Title = {Active binary mixtures of fast and slow hard spheres},
	Year = {2020}}

@article{VanSaders_2019_arxiv,
	Author = {VanSaders, Bryan and Glotzer, Sharon C.},
	Date-Added = {2020-02-03 15:20:45 -0500},
	Date-Modified = {2020-02-03 15:21:35 -0500},
	Journal = {arXiv},
	Title = {Pinning Dislocations in Colloidal Crystals with Active Particles that Seek Stacking Faults},
	Year = {2019}}

@misc{freud,
	Author = {Vyas Ramasubramani and Bradley D. Dice and Eric S. Harper and Matthew P. Spellings and Joshua A. Anderson and Sharon C. Glotzer},
	Eprint = {arXiv:1906.06317},
	Title = {freud: A Software Suite for High Throughput Analysis of Particle Simulation Data},
	Year = {2019}}

@book{Wales_2004,
	Author = {Wales, David J.},
	Date-Added = {2018-06-25 15:10:25 +0000},
	Date-Modified = {2018-06-25 15:12:25 +0000},
	Publisher = {Cambridge University Press},
	Series = {Cambridge Molecular Science},
	Title = {Energy Landscapes: Applications to Clusters, Biomolecules and Glasses},
	Year = {2004}}

@article{Petrelli_2018_arxiv,
	Author = {Petrelli, Isabella and Digregorio, Pasquale and Cugliandolo, Leticia F. and Gonnella, Giuseppe and Suma, Antonio},
	Date-Added = {2018-06-21 16:21:27 +0000},
	Date-Modified = {2018-06-21 16:22:39 +0000},
	Journal = {arXiv},
	Number = {1805.06683v1},
	Title = {Active dumbbells: dynamics and morphology in the coexisting region},
	Year = {2018},
	Bdsk-File-1 = {YnBsaXN0MDDSAQIDBFxyZWxhdGl2ZVBhdGhZYWxpYXNEYXRhXxAXUGV0cmVsbGlfMjAxOF9hcnhpdi5wZGZPEQHkAAAAAAHkAAIAAAxNYWNpbnRvc2ggSEQAAAAAAAAAAAAAAAAAAAAAAAAAQkQAAf////8XUGV0cmVsbGlfMjAxOF9hcnhpdi5wZGYAAAAAAAAAAAAAAAAAAAAAAAAAAAAAAAAAAAAAAAAAAAAAAAAAAAAA/////wAAAAAAAAAAAAAAAAABAAIAAAogY3UAAAAAAAAAAAAAAAAACjAwLWxpYnJhcnkAAgBrLzpVc2VyczpzaGFubm9uOkRvY3VtZW50czowMS1Qcm9mZXNzaW9uYWw6MDEtUHJvamVjdHM6YWN0aXZlLXNoYXBlOnBhcGVyOjAwLWxpYnJhcnk6UGV0cmVsbGlfMjAxOF9hcnhpdi5wZGYAAA4AMAAXAFAAZQB0AHIAZQBsAGwAaQBfADIAMAAxADgAXwBhAHIAeABpAHYALgBwAGQAZgAPABoADABNAGEAYwBpAG4AdABvAHMAaAAgAEgARAASAGlVc2Vycy9zaGFubm9uL0RvY3VtZW50cy8wMS1Qcm9mZXNzaW9uYWwvMDEtUHJvamVjdHMvYWN0aXZlLXNoYXBlL3BhcGVyLzAwLWxpYnJhcnkvUGV0cmVsbGlfMjAxOF9hcnhpdi5wZGYAABMAAS8AABUAAgAO//8AAAAIAA0AGgAkAD4AAAAAAAACAQAAAAAAAAAFAAAAAAAAAAAAAAAAAAACJg==}}

@article{Anderson_2017_PRX,
	Author = {Anderson, Joshua A. and Antonaglia, James and Millan, Jaime A. and Engel, Michael and Glotzer, Sharon C.},
	Date-Added = {2018-06-15 13:51:21 +0000},
	Date-Modified = {2018-06-15 13:51:25 +0000},
	Doi = {10.1103/physrevx.7.021001},
	Issn = {2160-3308},
	Journal = {Physical Review X},
	Month = {Apr},
	Number = {2},
	Publisher = {American Physical Society (APS)},
	Title = {Shape and Symmetry Determine Two-Dimensional Melting Transitions of Hard Regular Polygons},
	Url = {http://dx.doi.org/10.1103/PhysRevX.7.021001},
	Volume = {7},
	Year = {2017},
	Bdsk-File-1 = {YnBsaXN0MDDSAQIDBFxyZWxhdGl2ZVBhdGhZYWxpYXNEYXRhXxAVQW5kZXJzb25fMjAxN19QUlgucGRmTxEB3AAAAAAB3AACAAAMTWFjaW50b3NoIEhEAAAAAAAAAAAAAAAAAAAAAAAAAEJEAAH/////FUFuZGVyc29uXzIwMTdfUFJYLnBkZgAAAAAAAAAAAAAAAAAAAAAAAAAAAAAAAAAAAAAAAAAAAAAAAAAAAAAAAP////8AAAAAAAAAAAAAAAAAAQACAAAKIGN1AAAAAAAAAAAAAAAAAAowMC1saWJyYXJ5AAIAaS86VXNlcnM6c2hhbm5vbjpEb2N1bWVudHM6MDEtUHJvZmVzc2lvbmFsOjAxLVByb2plY3RzOmFjdGl2ZS1zaGFwZTpwYXBlcjowMC1saWJyYXJ5OkFuZGVyc29uXzIwMTdfUFJYLnBkZgAADgAsABUAQQBuAGQAZQByAHMAbwBuAF8AMgAwADEANwBfAFAAUgBYAC4AcABkAGYADwAaAAwATQBhAGMAaQBuAHQAbwBzAGgAIABIAEQAEgBnVXNlcnMvc2hhbm5vbi9Eb2N1bWVudHMvMDEtUHJvZmVzc2lvbmFsLzAxLVByb2plY3RzL2FjdGl2ZS1zaGFwZS9wYXBlci8wMC1saWJyYXJ5L0FuZGVyc29uXzIwMTdfUFJYLnBkZgAAEwABLwAAFQACAA7//wAAAAgADQAaACQAPAAAAAAAAAIBAAAAAAAAAAUAAAAAAAAAAAAAAAAAAAIc},
	Bdsk-Url-1 = {http://dx.doi.org/10.1103/PhysRevX.7.021001},
	Bdsk-Url-2 = {http://dx.doi.org/10.1103/physrevx.7.021001}}

@article{Ilse_2016_JChemPhys,
	Author = {Ilse, Sven Erik and Holm, Christian and de Graaf, Joost},
	Date-Added = {2018-06-15 13:36:03 +0000},
	Date-Modified = {2018-06-15 13:36:09 +0000},
	Doi = {10.1063/1.4963804},
	Issn = {1089-7690},
	Journal = {The Journal of Chemical Physics},
	Month = {Oct},
	Number = {13},
	Pages = {134904},
	Publisher = {AIP Publishing},
	Title = {Surface roughness stabilizes the clustering of self-propelled triangles},
	Url = {http://dx.doi.org/10.1063/1.4963804},
	Volume = {145},
	Year = {2016},
	Bdsk-File-1 = {YnBsaXN0MDDSAQIDBFxyZWxhdGl2ZVBhdGhZYWxpYXNEYXRhXxAXSWxzZV8yMDE2X0pDaGVtUGh5cy5wZGZPEQHkAAAAAAHkAAIAAAxNYWNpbnRvc2ggSEQAAAAAAAAAAAAAAAAAAAAAAAAAQkQAAf////8XSWxzZV8yMDE2X0pDaGVtUGh5cy5wZGYAAAAAAAAAAAAAAAAAAAAAAAAAAAAAAAAAAAAAAAAAAAAAAAAAAAAA/////wAAAAAAAAAAAAAAAAABAAIAAAogY3UAAAAAAAAAAAAAAAAACjAwLWxpYnJhcnkAAgBrLzpVc2VyczpzaGFubm9uOkRvY3VtZW50czowMS1Qcm9mZXNzaW9uYWw6MDEtUHJvamVjdHM6YWN0aXZlLXNoYXBlOnBhcGVyOjAwLWxpYnJhcnk6SWxzZV8yMDE2X0pDaGVtUGh5cy5wZGYAAA4AMAAXAEkAbABzAGUAXwAyADAAMQA2AF8ASgBDAGgAZQBtAFAAaAB5AHMALgBwAGQAZgAPABoADABNAGEAYwBpAG4AdABvAHMAaAAgAEgARAASAGlVc2Vycy9zaGFubm9uL0RvY3VtZW50cy8wMS1Qcm9mZXNzaW9uYWwvMDEtUHJvamVjdHMvYWN0aXZlLXNoYXBlL3BhcGVyLzAwLWxpYnJhcnkvSWxzZV8yMDE2X0pDaGVtUGh5cy5wZGYAABMAAS8AABUAAgAO//8AAAAIAA0AGgAkAD4AAAAAAAACAQAAAAAAAAAFAAAAAAAAAAAAAAAAAAACJg==},
	Bdsk-Url-1 = {http://dx.doi.org/10.1063/1.4963804}}

@article{Wensink_2012_PNAS,
	Author = {Wensink, H. H. and Dunkel, J. and Heidenreich, S. and Drescher, K. and Goldstein, R. E. and Lowen, H. and Yeomans, J. M.},
	Date-Added = {2018-06-15 13:19:09 +0000},
	Date-Modified = {2018-06-15 13:19:22 +0000},
	Doi = {10.1073/pnas.1202032109},
	Issn = {1091-6490},
	Journal = {Proceedings of the National Academy of Sciences},
	Month = {Aug},
	Number = {36},
	Pages = {14308--14313},
	Publisher = {Proceedings of the National Academy of Sciences},
	Title = {Meso-scale turbulence in living fluids},
	Url = {http://dx.doi.org/10.1073/pnas.1202032109},
	Volume = {109},
	Year = {2012},
	Bdsk-File-1 = {YnBsaXN0MDDSAQIDBFxyZWxhdGl2ZVBhdGhZYWxpYXNEYXRhXxAVV2Vuc2lua18yMDEyX1BOQVMucGRmTxEB3AAAAAAB3AACAAAMTWFjaW50b3NoIEhEAAAAAAAAAAAAAAAAAAAAAAAAAEJEAAH/////FVdlbnNpbmtfMjAxMl9QTkFTLnBkZgAAAAAAAAAAAAAAAAAAAAAAAAAAAAAAAAAAAAAAAAAAAAAAAAAAAAAAAP////8AAAAAAAAAAAAAAAAAAQACAAAKIGN1AAAAAAAAAAAAAAAAAAowMC1saWJyYXJ5AAIAaS86VXNlcnM6c2hhbm5vbjpEb2N1bWVudHM6MDEtUHJvZmVzc2lvbmFsOjAxLVByb2plY3RzOmFjdGl2ZS1zaGFwZTpwYXBlcjowMC1saWJyYXJ5OldlbnNpbmtfMjAxMl9QTkFTLnBkZgAADgAsABUAVwBlAG4AcwBpAG4AawBfADIAMAAxADIAXwBQAE4AQQBTAC4AcABkAGYADwAaAAwATQBhAGMAaQBuAHQAbwBzAGgAIABIAEQAEgBnVXNlcnMvc2hhbm5vbi9Eb2N1bWVudHMvMDEtUHJvZmVzc2lvbmFsLzAxLVByb2plY3RzL2FjdGl2ZS1zaGFwZS9wYXBlci8wMC1saWJyYXJ5L1dlbnNpbmtfMjAxMl9QTkFTLnBkZgAAEwABLwAAFQACAA7//wAAAAgADQAaACQAPAAAAAAAAAIBAAAAAAAAAAUAAAAAAAAAAAAAAAAAAAIc},
	Bdsk-Url-1 = {http://dx.doi.org/10.1073/pnas.1202032109}}

@article{Cugliandolo_2017_PRL,
	Author = {Cugliandolo, Leticia F. and Digregorio, Pasquale and Gonnella, Giuseppe and Suma, Antonio},
	Date-Added = {2018-06-08 16:04:28 +0000},
	Date-Modified = {2018-06-08 16:04:35 +0000},
	Doi = {10.1103/physrevlett.119.268002},
	Issn = {1079-7114},
	Journal = {Physical Review Letters},
	Month = {Dec},
	Number = {26},
	Publisher = {American Physical Society (APS)},
	Title = {Phase Coexistence in Two-Dimensional Passive and Active Dumbbell Systems},
	Url = {http://dx.doi.org/10.1103/PhysRevLett.119.268002},
	Volume = {119},
	Year = {2017},
	Bdsk-File-1 = {YnBsaXN0MDDSAQIDBFxyZWxhdGl2ZVBhdGhZYWxpYXNEYXRhXxAYQ3VnbGlhbmRvbG9fMjAxN19QUkwucGRmTxEB5gAAAAAB5gACAAAMTWFjaW50b3NoIEhEAAAAAAAAAAAAAAAAAAAAAAAAAEJEAAH/////GEN1Z2xpYW5kb2xvXzIwMTdfUFJMLnBkZgAAAAAAAAAAAAAAAAAAAAAAAAAAAAAAAAAAAAAAAAAAAAAAAAAAAP////8AAAAAAAAAAAAAAAAAAQACAAAKIGN1AAAAAAAAAAAAAAAAAAowMC1saWJyYXJ5AAIAbC86VXNlcnM6c2hhbm5vbjpEb2N1bWVudHM6MDEtUHJvZmVzc2lvbmFsOjAxLVByb2plY3RzOmFjdGl2ZS1zaGFwZTpwYXBlcjowMC1saWJyYXJ5OkN1Z2xpYW5kb2xvXzIwMTdfUFJMLnBkZgAOADIAGABDAHUAZwBsAGkAYQBuAGQAbwBsAG8AXwAyADAAMQA3AF8AUABSAEwALgBwAGQAZgAPABoADABNAGEAYwBpAG4AdABvAHMAaAAgAEgARAASAGpVc2Vycy9zaGFubm9uL0RvY3VtZW50cy8wMS1Qcm9mZXNzaW9uYWwvMDEtUHJvamVjdHMvYWN0aXZlLXNoYXBlL3BhcGVyLzAwLWxpYnJhcnkvQ3VnbGlhbmRvbG9fMjAxN19QUkwucGRmABMAAS8AABUAAgAO//8AAAAIAA0AGgAkAD8AAAAAAAACAQAAAAAAAAAFAAAAAAAAAAAAAAAAAAACKQ==},
	Bdsk-Url-1 = {http://dx.doi.org/10.1103/PhysRevLett.119.268002},
	Bdsk-Url-2 = {http://dx.doi.org/10.1103/physrevlett.119.268002}}

@article{Dai_2018_unpublished,
	Author = {Dai, Chengyu and Bruss, Isaac R. and Glotzer, Sharon C.},
	Date-Added = {2018-02-11 21:29:09 +0000},
	Date-Modified = {2018-02-11 21:29:45 +0000},
	Journal = {unpublished},
	Title = {[Langevin versus Brownian dynamics: comparison in active matter]},
	Year = {2018}}

@article{Mallory_2016_PRE,
	Author = {Mallory, S. A. and Cacciuto, A.},
	Date-Added = {2018-02-11 21:28:22 +0000},
	Date-Modified = {2018-02-11 21:29:05 +0000},
	Journal = {Physical Review E},
	Number = {022607},
	Title = {Activity-assisted self-assembly of colloidal particles},
	Volume = {94},
	Year = {2016},
	Bdsk-File-1 = {YnBsaXN0MDDSAQIDBFxyZWxhdGl2ZVBhdGhZYWxpYXNEYXRhXxAUTWFsbG9yeV8yMDE2X1BSRS5wZGZPEQHWAAAAAAHWAAIAAAxNYWNpbnRvc2ggSEQAAAAAAAAAAAAAAAAAAAAAAAAAQkQAAf////8UTWFsbG9yeV8yMDE2X1BSRS5wZGYAAAAAAAAAAAAAAAAAAAAAAAAAAAAAAAAAAAAAAAAAAAAAAAAAAAAAAAAA/////wAAAAAAAAAAAAAAAAABAAIAAAogY3UAAAAAAAAAAAAAAAAACjAwLWxpYnJhcnkAAgBoLzpVc2VyczpzaGFubm9uOkRvY3VtZW50czowMS1Qcm9mZXNzaW9uYWw6MDEtUHJvamVjdHM6YWN0aXZlLXNoYXBlOnBhcGVyOjAwLWxpYnJhcnk6TWFsbG9yeV8yMDE2X1BSRS5wZGYADgAqABQATQBhAGwAbABvAHIAeQBfADIAMAAxADYAXwBQAFIARQAuAHAAZABmAA8AGgAMAE0AYQBjAGkAbgB0AG8AcwBoACAASABEABIAZlVzZXJzL3NoYW5ub24vRG9jdW1lbnRzLzAxLVByb2Zlc3Npb25hbC8wMS1Qcm9qZWN0cy9hY3RpdmUtc2hhcGUvcGFwZXIvMDAtbGlicmFyeS9NYWxsb3J5XzIwMTZfUFJFLnBkZgATAAEvAAAVAAIADv//AAAACAANABoAJAA7AAAAAAAAAgEAAAAAAAAABQAAAAAAAAAAAAAAAAAAAhU=}}

@article{Bruss_2018_PRE,
	Author = {Bruss, Isaac R. and Glotzer, Sharon C.},
	Date-Added = {2018-02-11 21:27:27 +0000},
	Date-Modified = {2018-06-08 16:51:36 +0000},
	Journal = {Physical Review E},
	Number = {042609},
	Title = {Phase separation of self-propelled ballistic particles},
	Volume = {97},
	Year = {2018},
	Bdsk-File-1 = {YnBsaXN0MDDSAQIDBFxyZWxhdGl2ZVBhdGhZYWxpYXNEYXRhXxAUQnJ1c3NfMjAxN19hcnZpeC5wZGZPEQHWAAAAAAHWAAIAAAxNYWNpbnRvc2ggSEQAAAAAAAAAAAAAAAAAAAAAAAAAQkQAAf////8UQnJ1c3NfMjAxN19hcnZpeC5wZGYAAAAAAAAAAAAAAAAAAAAAAAAAAAAAAAAAAAAAAAAAAAAAAAAAAAAAAAAA/////wAAAAAAAAAAAAAAAAABAAIAAAogY3UAAAAAAAAAAAAAAAAACjAwLWxpYnJhcnkAAgBoLzpVc2VyczpzaGFubm9uOkRvY3VtZW50czowMS1Qcm9mZXNzaW9uYWw6MDEtUHJvamVjdHM6YWN0aXZlLXNoYXBlOnBhcGVyOjAwLWxpYnJhcnk6QnJ1c3NfMjAxN19hcnZpeC5wZGYADgAqABQAQgByAHUAcwBzAF8AMgAwADEANwBfAGEAcgB2AGkAeAAuAHAAZABmAA8AGgAMAE0AYQBjAGkAbgB0AG8AcwBoACAASABEABIAZlVzZXJzL3NoYW5ub24vRG9jdW1lbnRzLzAxLVByb2Zlc3Npb25hbC8wMS1Qcm9qZWN0cy9hY3RpdmUtc2hhcGUvcGFwZXIvMDAtbGlicmFyeS9CcnVzc18yMDE3X2Fydml4LnBkZgATAAEvAAAVAAIADv//AAAACAANABoAJAA7AAAAAAAAAgEAAAAAAAAABQAAAAAAAAAAAAAAAAAAAhU=}}

@article{Redner_2016_PRL,
	Author = {Redner, Gabriel S. and Wagner, Caleb G. and Baskaran, A. and Hagan, Michael F.},
	Date-Added = {2018-02-11 21:26:12 +0000},
	Date-Modified = {2018-06-08 16:49:38 +0000},
	Journal = {Physical Review Letters},
	Number = {148002},
	Title = {Classical Nucleation Theory Description of Active Colloid Assembly},
	Volume = {117},
	Year = {2016},
	Bdsk-File-1 = {YnBsaXN0MDDSAQIDBFxyZWxhdGl2ZVBhdGhZYWxpYXNEYXRhXxATUmVkbmVyXzIwMTZfUFJMLnBkZk8RAdQAAAAAAdQAAgAADE1hY2ludG9zaCBIRAAAAAAAAAAAAAAAAAAAAAAAAABCRAAB/////xNSZWRuZXJfMjAxNl9QUkwucGRmAAAAAAAAAAAAAAAAAAAAAAAAAAAAAAAAAAAAAAAAAAAAAAAAAAAAAAAAAAD/////AAAAAAAAAAAAAAAAAAEAAgAACiBjdQAAAAAAAAAAAAAAAAAKMDAtbGlicmFyeQACAGcvOlVzZXJzOnNoYW5ub246RG9jdW1lbnRzOjAxLVByb2Zlc3Npb25hbDowMS1Qcm9qZWN0czphY3RpdmUtc2hhcGU6cGFwZXI6MDAtbGlicmFyeTpSZWRuZXJfMjAxNl9QUkwucGRmAAAOACgAEwBSAGUAZABuAGUAcgBfADIAMAAxADYAXwBQAFIATAAuAHAAZABmAA8AGgAMAE0AYQBjAGkAbgB0AG8AcwBoACAASABEABIAZVVzZXJzL3NoYW5ub24vRG9jdW1lbnRzLzAxLVByb2Zlc3Npb25hbC8wMS1Qcm9qZWN0cy9hY3RpdmUtc2hhcGUvcGFwZXIvMDAtbGlicmFyeS9SZWRuZXJfMjAxNl9QUkwucGRmAAATAAEvAAAVAAIADv//AAAACAANABoAJAA6AAAAAAAAAgEAAAAAAAAABQAAAAAAAAAAAAAAAAAAAhI=}}

@article{Richard_2016_SoftMatter,
	Author = {Richard, David and Loewen, H. and Speck, Thomas},
	Date-Added = {2018-02-11 21:24:45 +0000},
	Date-Modified = {2018-02-11 21:25:50 +0000},
	Journal = {Soft Matter},
	Pages = {5257-5264},
	Title = {Nucleation pathway and kinetics of phase-separating active Brownian particles},
	Volume = {12},
	Year = {2016},
	Bdsk-File-1 = {YnBsaXN0MDDSAQIDBFxyZWxhdGl2ZVBhdGhZYWxpYXNEYXRhXxAbUmljaGFyZF8yMDE2X1NvZnRNYXR0ZXIucGRmTxEB9AAAAAAB9AACAAAMTWFjaW50b3NoIEhEAAAAAAAAAAAAAAAAAAAAAAAAAEJEAAH/////G1JpY2hhcmRfMjAxNl9Tb2Z0TWF0dGVyLnBkZgAAAAAAAAAAAAAAAAAAAAAAAAAAAAAAAAAAAAAAAAAAAAAAAP////8AAAAAAAAAAAAAAAAAAQACAAAKIGN1AAAAAAAAAAAAAAAAAAowMC1saWJyYXJ5AAIAby86VXNlcnM6c2hhbm5vbjpEb2N1bWVudHM6MDEtUHJvZmVzc2lvbmFsOjAxLVByb2plY3RzOmFjdGl2ZS1zaGFwZTpwYXBlcjowMC1saWJyYXJ5OlJpY2hhcmRfMjAxNl9Tb2Z0TWF0dGVyLnBkZgAADgA4ABsAUgBpAGMAaABhAHIAZABfADIAMAAxADYAXwBTAG8AZgB0AE0AYQB0AHQAZQByAC4AcABkAGYADwAaAAwATQBhAGMAaQBuAHQAbwBzAGgAIABIAEQAEgBtVXNlcnMvc2hhbm5vbi9Eb2N1bWVudHMvMDEtUHJvZmVzc2lvbmFsLzAxLVByb2plY3RzL2FjdGl2ZS1zaGFwZS9wYXBlci8wMC1saWJyYXJ5L1JpY2hhcmRfMjAxNl9Tb2Z0TWF0dGVyLnBkZgAAEwABLwAAFQACAA7//wAAAAgADQAaACQAQgAAAAAAAAIBAAAAAAAAAAUAAAAAAAAAAAAAAAAAAAI6}}

@article{Cates_2010_PNAS,
	Author = {Cates, M. E. and Marenduzzo, D. and Pagonabarraga, I. and Tailleur, J.},
	Date-Added = {2018-02-11 21:23:44 +0000},
	Date-Modified = {2018-02-11 21:24:33 +0000},
	Journal = {Proceedings of the National Academy of Sciences},
	Number = {26},
	Pages = {11715-11720},
	Title = {Arrested phase separation in reproducing bacteria creates a generic route to pattern formation},
	Volume = {107},
	Year = {2010},
	Bdsk-File-1 = {YnBsaXN0MDDSAQIDBFxyZWxhdGl2ZVBhdGhZYWxpYXNEYXRhXxATQ2F0ZXNfMjAxMF9QTkFTLnBkZk8RAdQAAAAAAdQAAgAADE1hY2ludG9zaCBIRAAAAAAAAAAAAAAAAAAAAAAAAABCRAAB/////xNDYXRlc18yMDEwX1BOQVMucGRmAAAAAAAAAAAAAAAAAAAAAAAAAAAAAAAAAAAAAAAAAAAAAAAAAAAAAAAAAAD/////AAAAAAAAAAAAAAAAAAEAAgAACiBjdQAAAAAAAAAAAAAAAAAKMDAtbGlicmFyeQACAGcvOlVzZXJzOnNoYW5ub246RG9jdW1lbnRzOjAxLVByb2Zlc3Npb25hbDowMS1Qcm9qZWN0czphY3RpdmUtc2hhcGU6cGFwZXI6MDAtbGlicmFyeTpDYXRlc18yMDEwX1BOQVMucGRmAAAOACgAEwBDAGEAdABlAHMAXwAyADAAMQAwAF8AUABOAEEAUwAuAHAAZABmAA8AGgAMAE0AYQBjAGkAbgB0AG8AcwBoACAASABEABIAZVVzZXJzL3NoYW5ub24vRG9jdW1lbnRzLzAxLVByb2Zlc3Npb25hbC8wMS1Qcm9qZWN0cy9hY3RpdmUtc2hhcGUvcGFwZXIvMDAtbGlicmFyeS9DYXRlc18yMDEwX1BOQVMucGRmAAATAAEvAAAVAAIADv//AAAACAANABoAJAA6AAAAAAAAAgEAAAAAAAAABQAAAAAAAAAAAAAAAAAAAhI=}}

@article{Damasceno_2012_Science,
	Author = {Damasceno, Pablo F. and Engel, Michael and Glotzer, Sharon C.},
	Date-Added = {2018-02-11 16:18:50 +0000},
	Date-Modified = {2018-02-11 16:18:50 +0000},
	Journal = {Science},
	Pages = {453-457},
	Title = {Predictive Self-Assembly of Polyhedtra into Complex Structures},
	Volume = {337},
	Year = {2012},
	Bdsk-File-1 = {YnBsaXN0MDDSAQIDBFxyZWxhdGl2ZVBhdGhZYWxpYXNEYXRhXxA9Li4vLi4vLi4vMDItcHJlbGltL2xpYnJhcnkvZ2xvdHplci9EYW1hc2Nlbm9fMjAxMl9TY2llbmNlLnBkZk8RAj4AAAAAAj4AAgAADE1hY2ludG9zaCBIRAAAAAAAAAAAAAAAAAAAANGocjNIKwAAAnoAqxpEYW1hc2Nlbm9fMjAxMl9TY2llbmNlLnBkZgAAAAAAAAAAAAAAAAAAAAAAAAAAAAAAAAAAAAAAAAAAAAAAAAACegCs1pdWbgAAAAAAAAAAAAMABAAACSAAAAAAAAAAAAAAAAAAAAAHZ2xvdHplcgAAEAAIAADRqKpzAAAAEQAIAADWl5y+AAAAAQAgAnoAqwJ6AHQCaf3FAj0o/AI9J10ABsTPAAbEzgACmA0AAgCCTWFjaW50b3NoIEhEOlVzZXJzOgBzaGFubm9ubW9yYW46AERvY3VtZW50czoAMDEtUHJvZmVzc2lvbmFsOgAwMS1Qcm9qZWN0czoAMDItcHJlbGltOgBsaWJyYXJ5OgBnbG90emVyOgBEYW1hc2Nlbm9fMjAxMl9TY2llbmNlLnBkZgAOADYAGgBEAGEAbQBhAHMAYwBlAG4AbwBfADIAMAAxADIAXwBTAGMAaQBlAG4AYwBlAC4AcABkAGYADwAaAAwATQBhAGMAaQBuAHQAbwBzAGgAIABIAEQAEgBtVXNlcnMvc2hhbm5vbm1vcmFuL0RvY3VtZW50cy8wMS1Qcm9mZXNzaW9uYWwvMDEtUHJvamVjdHMvMDItcHJlbGltL2xpYnJhcnkvZ2xvdHplci9EYW1hc2Nlbm9fMjAxMl9TY2llbmNlLnBkZgAAEwABLwAAFQACABP//wAAAAgADQAaACQAZAAAAAAAAAIBAAAAAAAAAAUAAAAAAAAAAAAAAAAAAAKm}}

@article{Wensink_2014_PRE,
	Author = {Wensink, H. H. and Kantsler, V. and Goldstein, R. E. and Dunkel, J.},
	Date-Added = {2017-10-04 19:21:11 +0000},
	Date-Modified = {2018-06-15 13:37:10 +0000},
	Doi = {10.1103/physreve.89.010302},
	Issn = {1550-2376},
	Journal = {Physical Review E},
	Month = {Jan},
	Number = {1},
	Publisher = {American Physical Society (APS)},
	Title = {Controlling active self-assembly through broken particle-shape symmetry},
	Url = {http://dx.doi.org/10.1103/PhysRevE.89.010302},
	Volume = {89},
	Year = {2014},
	Bdsk-File-1 = {YnBsaXN0MDDSAQIDBFxyZWxhdGl2ZVBhdGhZYWxpYXNEYXRhXxAcV2Vuc2lua0thbnRzbGVyXzIwMTRfUFJFLnBkZk8RAkAAAAAAAkAAAgAACFBFUElUT05FAAAAAAAAAAAAAAAAAAAAAAAAANM6nlJIKwAAARlT7xxXZW5zaW5rS2FudHNsZXJfMjAxNF9QUkUucGRmAAAAAAAAAAAAAAAAAAAAAAAAAAAAAAAAAAAAAAAAAAAAAAABM+MC1fqsywAAAAAAAAAAAAEAAgAACSAAAAAAAAAAAAAAAAAAAAAMQmlibGlvZ3JhcGh5ABAACAAA0zrWkgAAABEACAAA1frlCwAAAAEAIAEZU+8BGVILARlQSgEZSkcAGiRiABoiCAAZqHMAAABwAAIAgVBFUElUT05FOlVzZXJzOgBtb3JhbnNlOgBEcm9wYm94OgAwMSBBQ1RJVkU6ADAxIFByb2Zlc3Npb25hbDoAMDQgTGFiOgAwNiBTaGFwZXMgUGFwZXI6AEJpYmxpb2dyYXBoeToAV2Vuc2lua0thbnRzbGVyXzIwMTRfUFJFLnBkZgAADgA6ABwAVwBlAG4AcwBpAG4AawBLAGEAbgB0AHMAbABlAHIAXwAyADAAMQA0AF8AUABSAEUALgBwAGQAZgAPABIACABQAEUAUABJAFQATwBOAEUAEgBwVXNlcnMvbW9yYW5zZS9Ecm9wYm94LzAxIEFDVElWRS8wMSBQcm9mZXNzaW9uYWwvMDQgTGFiLzA2IFNoYXBlcyBQYXBlci9CaWJsaW9ncmFwaHkvV2Vuc2lua0thbnRzbGVyXzIwMTRfUFJFLnBkZgATAAEvAAAVAAIADv//AAAACAANABoAJABDAAAAAAAAAgEAAAAAAAAABQAAAAAAAAAAAAAAAAAAAoc=},
	Bdsk-Url-1 = {http://dx.doi.org/10.1103/PhysRevE.89.010302},
	Bdsk-Url-2 = {http://dx.doi.org/10.1103/physreve.89.010302}}

@article{DPD_2011,
	Author = {Phillips, Carolyn L. and Anderson, Joshua A. and Glotzer, Sharon C.},
	Date-Added = {2017-10-04 18:42:10 +0000},
	Date-Modified = {2017-10-04 18:42:16 +0000},
	Doi = {10.1016/j.jcp.2011.05.021},
	Issn = {0021-9991},
	Journal = {Journal of Computational Physics},
	Month = {Aug},
	Number = {19},
	Pages = {7191--7201},
	Publisher = {Elsevier BV},
	Title = {Pseudo-random number generation for Brownian Dynamics and Dissipative Particle Dynamics simulations on GPU devices},
	Url = {http://dx.doi.org/10.1016/j.jcp.2011.05.021},
	Volume = {230},
	Year = {2011},
	Bdsk-File-1 = {YnBsaXN0MDDSAQIDBFxyZWxhdGl2ZVBhdGhZYWxpYXNEYXRhXV9EUERfMjAxMS5wZGZPEQG8AAAAAAG8AAIAAAxNYWNpbnRvc2ggSEQAAAAAAAAAAAAAAAAAAAAAAAAAQkQAAf////8NX0RQRF8yMDExLnBkZgAAAAAAAAAAAAAAAAAAAAAAAAAAAAAAAAAAAAAAAAAAAAAAAAAAAAAAAAAAAAAAAAAA/////wAAAAAAAAAAAAAAAAABAAIAAAogY3UAAAAAAAAAAAAAAAAACjAwLWxpYnJhcnkAAgBhLzpVc2VyczpzaGFubm9uOkRvY3VtZW50czowMS1Qcm9mZXNzaW9uYWw6MDEtUHJvamVjdHM6YWN0aXZlLXNoYXBlOnBhcGVyOjAwLWxpYnJhcnk6X0RQRF8yMDExLnBkZgAADgAcAA0AXwBEAFAARABfADIAMAAxADEALgBwAGQAZgAPABoADABNAGEAYwBpAG4AdABvAHMAaAAgAEgARAASAF9Vc2Vycy9zaGFubm9uL0RvY3VtZW50cy8wMS1Qcm9mZXNzaW9uYWwvMDEtUHJvamVjdHMvYWN0aXZlLXNoYXBlL3BhcGVyLzAwLWxpYnJhcnkvX0RQRF8yMDExLnBkZgAAEwABLwAAFQACAA7//wAAAAgADQAaACQAMgAAAAAAAAIBAAAAAAAAAAUAAAAAAAAAAAAAAAAAAAHy},
	Bdsk-Url-1 = {http://dx.doi.org/10.1016/j.jcp.2011.05.021}}

@article{DEM_2017,
	Author = {Spellings, Matthew and Marson, Ryan L. and Anderson, Joshua A. and Glotzer, Sharon C.},
	Date-Added = {2017-10-04 18:37:03 +0000},
	Date-Modified = {2017-10-04 18:38:24 +0000},
	Journal = {Journal of Computational Physics},
	Pages = {460-467},
	Title = {GPU accelerated Discrete Element Method (DEM) molecular dynamics for conservative, faceted particle simulations},
	Volume = {334},
	Year = {2017},
	Bdsk-File-1 = {YnBsaXN0MDDSAQIDBFxyZWxhdGl2ZVBhdGhZYWxpYXNEYXRhXV9ERU1fMjAxNy5wZGZPEQG8AAAAAAG8AAIAAAxNYWNpbnRvc2ggSEQAAAAAAAAAAAAAAAAAAAAAAAAAQkQAAf////8NX0RFTV8yMDE3LnBkZgAAAAAAAAAAAAAAAAAAAAAAAAAAAAAAAAAAAAAAAAAAAAAAAAAAAAAAAAAAAAAAAAAA/////wAAAAAAAAAAAAAAAAABAAIAAAogY3UAAAAAAAAAAAAAAAAACjAwLWxpYnJhcnkAAgBhLzpVc2VyczpzaGFubm9uOkRvY3VtZW50czowMS1Qcm9mZXNzaW9uYWw6MDEtUHJvamVjdHM6YWN0aXZlLXNoYXBlOnBhcGVyOjAwLWxpYnJhcnk6X0RFTV8yMDE3LnBkZgAADgAcAA0AXwBEAEUATQBfADIAMAAxADcALgBwAGQAZgAPABoADABNAGEAYwBpAG4AdABvAHMAaAAgAEgARAASAF9Vc2Vycy9zaGFubm9uL0RvY3VtZW50cy8wMS1Qcm9mZXNzaW9uYWwvMDEtUHJvamVjdHMvYWN0aXZlLXNoYXBlL3BhcGVyLzAwLWxpYnJhcnkvX0RFTV8yMDE3LnBkZgAAEwABLwAAFQACAA7//wAAAAgADQAaACQAMgAAAAAAAAIBAAAAAAAAAAUAAAAAAAAAAAAAAAAAAAHy}}

@article{HOOMD_2015,
	Author = {Glaser, Jens and Nguyen, Trung Dac and Anderson, Joshua A. and Lui, Pak and Spiga, Filippo and Millan, Jaime A. and Morse, David C. and Glotzer, Sharon C.},
	Date-Added = {2017-10-04 18:37:00 +0000},
	Date-Modified = {2017-10-04 18:39:41 +0000},
	Journal = {Computer Physics Communications},
	Pages = {97-107},
	Title = {Strong scaling of general-purpose molecular dynamics simulations on GPUs},
	Volume = {192},
	Year = {2015},
	Bdsk-File-1 = {YnBsaXN0MDDSAQIDBFxyZWxhdGl2ZVBhdGhZYWxpYXNEYXRhXxAPX0hPT01EXzIwMTUucGRmTxEBxAAAAAABxAACAAAMTWFjaW50b3NoIEhEAAAAAAAAAAAAAAAAAAAAAAAAAEJEAAH/////D19IT09NRF8yMDE1LnBkZgAAAAAAAAAAAAAAAAAAAAAAAAAAAAAAAAAAAAAAAAAAAAAAAAAAAAAAAAAAAAAAAP////8AAAAAAAAAAAAAAAAAAQACAAAKIGN1AAAAAAAAAAAAAAAAAAowMC1saWJyYXJ5AAIAYy86VXNlcnM6c2hhbm5vbjpEb2N1bWVudHM6MDEtUHJvZmVzc2lvbmFsOjAxLVByb2plY3RzOmFjdGl2ZS1zaGFwZTpwYXBlcjowMC1saWJyYXJ5Ol9IT09NRF8yMDE1LnBkZgAADgAgAA8AXwBIAE8ATwBNAEQAXwAyADAAMQA1AC4AcABkAGYADwAaAAwATQBhAGMAaQBuAHQAbwBzAGgAIABIAEQAEgBhVXNlcnMvc2hhbm5vbi9Eb2N1bWVudHMvMDEtUHJvZmVzc2lvbmFsLzAxLVByb2plY3RzL2FjdGl2ZS1zaGFwZS9wYXBlci8wMC1saWJyYXJ5L19IT09NRF8yMDE1LnBkZgAAEwABLwAAFQACAA7//wAAAAgADQAaACQANgAAAAAAAAIBAAAAAAAAAAUAAAAAAAAAAAAAAAAAAAH+}}

@article{HOOMD_2008,
	Author = {Anderson, Joshua A. and Lorenz, Chris D. and Travesset, A.},
	Date-Added = {2017-10-04 18:36:32 +0000},
	Date-Modified = {2017-10-04 18:36:43 +0000},
	Doi = {10.1016/j.jcp.2008.01.047},
	Issn = {0021-9991},
	Journal = {Journal of Computational Physics},
	Month = {May},
	Number = {10},
	Pages = {5342--5359},
	Publisher = {Elsevier BV},
	Title = {General purpose molecular dynamics simulations fully implemented on graphics processing units},
	Url = {http://dx.doi.org/10.1016/j.jcp.2008.01.047},
	Volume = {227},
	Year = {2008},
	Bdsk-File-1 = {YnBsaXN0MDDSAQIDBFxyZWxhdGl2ZVBhdGhZYWxpYXNEYXRhXxAPX0hPT01EXzIwMDgucGRmTxEBxAAAAAABxAACAAAMTWFjaW50b3NoIEhEAAAAAAAAAAAAAAAAAAAAAAAAAEJEAAH/////D19IT09NRF8yMDA4LnBkZgAAAAAAAAAAAAAAAAAAAAAAAAAAAAAAAAAAAAAAAAAAAAAAAAAAAAAAAAAAAAAAAP////8AAAAAAAAAAAAAAAAAAQACAAAKIGN1AAAAAAAAAAAAAAAAAAowMC1saWJyYXJ5AAIAYy86VXNlcnM6c2hhbm5vbjpEb2N1bWVudHM6MDEtUHJvZmVzc2lvbmFsOjAxLVByb2plY3RzOmFjdGl2ZS1zaGFwZTpwYXBlcjowMC1saWJyYXJ5Ol9IT09NRF8yMDA4LnBkZgAADgAgAA8AXwBIAE8ATwBNAEQAXwAyADAAMAA4AC4AcABkAGYADwAaAAwATQBhAGMAaQBuAHQAbwBzAGgAIABIAEQAEgBhVXNlcnMvc2hhbm5vbi9Eb2N1bWVudHMvMDEtUHJvZmVzc2lvbmFsLzAxLVByb2plY3RzL2FjdGl2ZS1zaGFwZS9wYXBlci8wMC1saWJyYXJ5L19IT09NRF8yMDA4LnBkZgAAEwABLwAAFQACAA7//wAAAAgADQAaACQANgAAAAAAAAIBAAAAAAAAAAUAAAAAAAAAAAAAAAAAAAH+},
	Bdsk-Url-1 = {http://dx.doi.org/10.1016/j.jcp.2008.01.047}}

@article{WCA_1971,
	Author = {Weeks, John D. and Chandler, David and Andersen, Hans C.},
	Date-Added = {2017-10-04 18:32:41 +0000},
	Date-Modified = {2017-10-04 18:32:59 +0000},
	Doi = {10.1063/1.1674820},
	Issn = {1089-7690},
	Journal = {The Journal of Chemical Physics},
	Month = {Jun},
	Number = {12},
	Pages = {5237--5247},
	Publisher = {AIP Publishing},
	Title = {Role of Repulsive Forces in Determining the Equilibrium Structure of Simple Liquids},
	Url = {http://dx.doi.org/10.1063/1.1674820},
	Volume = {54},
	Year = {1971},
	Bdsk-File-1 = {YnBsaXN0MDDSAQIDBFxyZWxhdGl2ZVBhdGhZYWxpYXNEYXRhWF9XQ0EucGRmTxEBpgAAAAABpgACAAAMTWFjaW50b3NoIEhEAAAAAAAAAAAAAAAAAAAAAAAAAEJEAAH/////CF9XQ0EucGRmAAAAAAAAAAAAAAAAAAAAAAAAAAAAAAAAAAAAAAAAAAAAAAAAAAAAAAAAAAAAAAAAAAAAAAAAAP////8AAAAAAAAAAAAAAAAAAQACAAAKIGN1AAAAAAAAAAAAAAAAAAowMC1saWJyYXJ5AAIAXC86VXNlcnM6c2hhbm5vbjpEb2N1bWVudHM6MDEtUHJvZmVzc2lvbmFsOjAxLVByb2plY3RzOmFjdGl2ZS1zaGFwZTpwYXBlcjowMC1saWJyYXJ5Ol9XQ0EucGRmAA4AEgAIAF8AVwBDAEEALgBwAGQAZgAPABoADABNAGEAYwBpAG4AdABvAHMAaAAgAEgARAASAFpVc2Vycy9zaGFubm9uL0RvY3VtZW50cy8wMS1Qcm9mZXNzaW9uYWwvMDEtUHJvamVjdHMvYWN0aXZlLXNoYXBlL3BhcGVyLzAwLWxpYnJhcnkvX1dDQS5wZGYAEwABLwAAFQACAA7//wAAAAgADQAaACQALQAAAAAAAAIBAAAAAAAAAAUAAAAAAAAAAAAAAAAAAAHX},
	Bdsk-Url-1 = {http://dx.doi.org/10.1063/1.1674820}}

@article{vanAnders_2014_PNAS,
	Author = {van Anders, G. and Klotsa, D. and Ahmed, N.K. and Engel, Michael and Glotzer, Sharon C.},
	Date-Added = {2017-06-04 18:03:10 +0000},
	Date-Modified = {2018-06-15 13:39:50 +0000},
	Journal = {Proceedings of the National Academy of Sciences},
	Number = {45},
	Pages = {E4812-E4821},
	Title = {Understanding shape entropy through local dense packing},
	Volume = {111},
	Year = {2014},
	Bdsk-File-1 = {YnBsaXN0MDDSAQIDBFxyZWxhdGl2ZVBhdGhZYWxpYXNEYXRhXxAZdmFuQW5kZXJzRUFfMjAxNF9QTkFTLnBkZk8RAjQAAAAAAjQAAgAACFBFUElUT05FAAAAAAAAAAAAAAAAAAAAAAAAANM6nlJIKwAAARlT7xl2YW5BbmRlcnNFQV8yMDE0X1BOQVMucGRmAAAAAAAAAAAAAAAAAAAAAAAAAAAAAAAAAAAAAAAAAAAAAAAAAAABGVSO1LDXEAAAAAAAAAAAAAEAAgAACSAAAAAAAAAAAAAAAAAAAAAMQmlibGlvZ3JhcGh5ABAACAAA0zrWkgAAABEACAAA1LEdYAAAAAEAIAEZU+8BGVILARlQSgEZSkcAGiRiABoiCAAZqHMAAABwAAIAflBFUElUT05FOlVzZXJzOgBtb3JhbnNlOgBEcm9wYm94OgAwMSBBQ1RJVkU6ADAxIFByb2Zlc3Npb25hbDoAMDQgTGFiOgAwNiBTaGFwZXMgUGFwZXI6AEJpYmxpb2dyYXBoeToAdmFuQW5kZXJzRUFfMjAxNF9QTkFTLnBkZgAOADQAGQB2AGEAbgBBAG4AZABlAHIAcwBFAEEAXwAyADAAMQA0AF8AUABOAEEAUwAuAHAAZABmAA8AEgAIAFAARQBQAEkAVABPAE4ARQASAG1Vc2Vycy9tb3JhbnNlL0Ryb3Bib3gvMDEgQUNUSVZFLzAxIFByb2Zlc3Npb25hbC8wNCBMYWIvMDYgU2hhcGVzIFBhcGVyL0JpYmxpb2dyYXBoeS92YW5BbmRlcnNFQV8yMDE0X1BOQVMucGRmAAATAAEvAAAVAAIADv//AAAACAANABoAJABAAAAAAAAAAgEAAAAAAAAABQAAAAAAAAAAAAAAAAAAAng=}}

@article{Prymidis_2016_SoftMatter,
	Author = {Prymidis, V. and Samin, S. and Filion, L.},
	Date-Added = {2017-06-03 19:43:47 +0000},
	Date-Modified = {2018-06-15 13:39:07 +0000},
	Journal = {Soft Matter},
	Title = {State behaviour and dynamics of self-propelled Brownian squares: a simulation study},
	Year = {2016},
	Bdsk-File-1 = {YnBsaXN0MDDSAQIDBFxyZWxhdGl2ZVBhdGhZYWxpYXNEYXRhXxAeUHJ5bWlkaXNFQV8yMDE2X1NvZnRNYXR0ZXIucGRmTxEB/gAAAAAB/gACAAAMTWFjaW50b3NoIEhEAAAAAAAAAAAAAAAAAAAAAAAAAEJEAAH/////HlByeW1pZGlzRUFfMjAxNl9Tb2Z0TWF0dGVyLnBkZgAAAAAAAAAAAAAAAAAAAAAAAAAAAAAAAAAAAAAAAAAAAP////8AAAAAAAAAAAAAAAAAAQACAAAKIGN1AAAAAAAAAAAAAAAAAAowMC1saWJyYXJ5AAIAci86VXNlcnM6c2hhbm5vbjpEb2N1bWVudHM6MDEtUHJvZmVzc2lvbmFsOjAxLVByb2plY3RzOmFjdGl2ZS1zaGFwZTpwYXBlcjowMC1saWJyYXJ5OlByeW1pZGlzRUFfMjAxNl9Tb2Z0TWF0dGVyLnBkZgAOAD4AHgBQAHIAeQBtAGkAZABpAHMARQBBAF8AMgAwADEANgBfAFMAbwBmAHQATQBhAHQAdABlAHIALgBwAGQAZgAPABoADABNAGEAYwBpAG4AdABvAHMAaAAgAEgARAASAHBVc2Vycy9zaGFubm9uL0RvY3VtZW50cy8wMS1Qcm9mZXNzaW9uYWwvMDEtUHJvamVjdHMvYWN0aXZlLXNoYXBlL3BhcGVyLzAwLWxpYnJhcnkvUHJ5bWlkaXNFQV8yMDE2X1NvZnRNYXR0ZXIucGRmABMAAS8AABUAAgAO//8AAAAIAA0AGgAkAEUAAAAAAAACAQAAAAAAAAAFAAAAAAAAAAAAAAAAAAACRw==}}

@article{AvendanoEscobedo_2012_SoftMatter,
	Author = {Avenda{\~n}o, Carlos and Escobedo, Fernando A.},
	Date-Added = {2017-06-03 19:14:07 +0000},
	Date-Modified = {2017-06-03 19:17:48 +0000},
	Doi = {10.1039/c2sm07428a},
	Issn = {1744-6848},
	Journal = {Soft Matter},
	Number = {17},
	Pages = {4675},
	Publisher = {Royal Society of Chemistry (RSC)},
	Title = {Phase behavior of rounded hard-squares},
	Url = {http://dx.doi.org/10.1039/c2sm07428a},
	Volume = {8},
	Year = {2012},
	Bdsk-File-1 = {YnBsaXN0MDDSAQIDBFxyZWxhdGl2ZVBhdGhZYWxpYXNEYXRhbxAlAEEAdgBlAG4AZABhAG4DAwBvAEUAcwBjAG8AYgBlAGQAbwBfADIAMAAxADIAXwBTAG8AZgB0AE0AYQB0AHQAZQByAC4AcABkAGZPEQH0AAAAAAH0AAIAAAtnbG90emVyQ0JFUwAAAAAAAAAAAAAAAAAAAAAAAAAATkoAAf////8fQXZlbmRhlm9Fc2NvYmVkb18yI0ZGRkZGRkZGLnBkZgAAAAAAAAAAAAAAAAAAAAAAAAAAAAAAAAAAAAAAAAAA/////wAAAAAAAAAAAAAAAAABAAIAABKBY3UAAAAAAAAAAAAAAAAACjAwLWxpYnJhcnkAAgBZLzpuZnM6Z2xvdHplckNCRVM6YWN0aXZlLXBvbHlnb25zOnBhcGVyOjAwLWxpYnJhcnk6QXZlbmRhbsyDb0VzY29iZWRvXzIwMTJfU29mdE1hdHRlci5wZGYAAA4ATAAlAEEAdgBlAG4AZABhAG4DAwBvAEUAcwBjAG8AYgBlAGQAbwBfADIAMAAxADIAXwBTAG8AZgB0AE0AYQB0AHQAZQByAC4AcABkAGYADwAYAAsAZwBsAG8AdAB6AGUAcgBDAEIARQBTABIASC9hY3RpdmUtcG9seWdvbnMvcGFwZXIvMDAtbGlicmFyeS9BdmVuZGFuzINvRXNjb2JlZG9fMjAxMl9Tb2Z0TWF0dGVyLnBkZgATABAvbmZzL2dsb3R6ZXJDQkVTAAkAHQAdY3JibQAAcG9zeC9uZnMvZ2xvdHplckNCRVMAAP//AAAACAANABoAJABxAAAAAAAAAgEAAAAAAAAABQAAAAAAAAAAAAAAAAAAAmk=},
	Bdsk-Url-1 = {http://dx.doi.org/10.1039/c2sm07428a}}

@article{Bechinger_2016_RevModPhys,
	Author = {Bechinger, Clemens and Di Leonardo, Roberto and L{\"o}wen, Hartmut and Reichhardt, Charles and Volpe, Giorgio and Volpe, Giovanni},
	Date-Added = {2017-06-03 19:14:07 +0000},
	Date-Modified = {2018-06-15 13:37:23 +0000},
	Doi = {10.1103/revmodphys.88.045006},
	Issn = {1539-0756},
	Journal = {Reviews of Modern Physics},
	Month = {Nov},
	Number = {4},
	Publisher = {American Physical Society (APS)},
	Title = {Active Particles in Complex and Crowded Environments},
	Url = {http://dx.doi.org/10.1103/RevModPhys.88.045006},
	Volume = {88},
	Year = {2016},
	Bdsk-File-1 = {YnBsaXN0MDDSAQIDBFxyZWxhdGl2ZVBhdGhZYWxpYXNEYXRhXxAfQmVjaGluZ2VyRUFfMjAxNl9SZXZNb2RQaHlzLnBkZk8RAgQAAAAAAgQAAgAADE1hY2ludG9zaCBIRAAAAAAAAAAAAAAAAAAAAAAAAABCRAAB/////x9CZWNoaW5nZXJFQV8yMDE2X1Jldk1vZFBoeXMucGRmAAAAAAAAAAAAAAAAAAAAAAAAAAAAAAAAAAAAAAAAAAD/////AAAAAAAAAAAAAAAAAAEAAgAACiBjdQAAAAAAAAAAAAAAAAAKMDAtbGlicmFyeQACAHMvOlVzZXJzOnNoYW5ub246RG9jdW1lbnRzOjAxLVByb2Zlc3Npb25hbDowMS1Qcm9qZWN0czphY3RpdmUtc2hhcGU6cGFwZXI6MDAtbGlicmFyeTpCZWNoaW5nZXJFQV8yMDE2X1Jldk1vZFBoeXMucGRmAAAOAEAAHwBCAGUAYwBoAGkAbgBnAGUAcgBFAEEAXwAyADAAMQA2AF8AUgBlAHYATQBvAGQAUABoAHkAcwAuAHAAZABmAA8AGgAMAE0AYQBjAGkAbgB0AG8AcwBoACAASABEABIAcVVzZXJzL3NoYW5ub24vRG9jdW1lbnRzLzAxLVByb2Zlc3Npb25hbC8wMS1Qcm9qZWN0cy9hY3RpdmUtc2hhcGUvcGFwZXIvMDAtbGlicmFyeS9CZWNoaW5nZXJFQV8yMDE2X1Jldk1vZFBoeXMucGRmAAATAAEvAAAVAAIADv//AAAACAANABoAJABGAAAAAAAAAgEAAAAAAAAABQAAAAAAAAAAAAAAAAAAAk4=},
	Bdsk-Url-1 = {http://dx.doi.org/10.1103/RevModPhys.88.045006},
	Bdsk-Url-2 = {http://dx.doi.org/10.1103/revmodphys.88.045006}}

@article{Bet_2016_arxiv,
	Author = {Bet, B. and Boosten, G. and Dijkstra, M. and van Roij, R.},
	Date-Added = {2017-06-03 19:14:07 +0000},
	Date-Modified = {2018-06-15 13:37:27 +0000},
	Journal = {arxiv},
	Title = {Efficient shapes for microswimming: from three-body swimmers to helical flagella},
	Year = {2016},
	Bdsk-File-1 = {YnBsaXN0MDDSAQIDBFxyZWxhdGl2ZVBhdGhZYWxpYXNEYXRhXxAUQmV0RUFfMjAxNl9hcnhpdi5wZGZPEQHWAAAAAAHWAAIAAAxNYWNpbnRvc2ggSEQAAAAAAAAAAAAAAAAAAAAAAAAAQkQAAf////8UQmV0RUFfMjAxNl9hcnhpdi5wZGYAAAAAAAAAAAAAAAAAAAAAAAAAAAAAAAAAAAAAAAAAAAAAAAAAAAAAAAAA/////wAAAAAAAAAAAAAAAAABAAIAAAogY3UAAAAAAAAAAAAAAAAACjAwLWxpYnJhcnkAAgBoLzpVc2VyczpzaGFubm9uOkRvY3VtZW50czowMS1Qcm9mZXNzaW9uYWw6MDEtUHJvamVjdHM6YWN0aXZlLXNoYXBlOnBhcGVyOjAwLWxpYnJhcnk6QmV0RUFfMjAxNl9hcnhpdi5wZGYADgAqABQAQgBlAHQARQBBAF8AMgAwADEANgBfAGEAcgB4AGkAdgAuAHAAZABmAA8AGgAMAE0AYQBjAGkAbgB0AG8AcwBoACAASABEABIAZlVzZXJzL3NoYW5ub24vRG9jdW1lbnRzLzAxLVByb2Zlc3Npb25hbC8wMS1Qcm9qZWN0cy9hY3RpdmUtc2hhcGUvcGFwZXIvMDAtbGlicmFyeS9CZXRFQV8yMDE2X2FyeGl2LnBkZgATAAEvAAAVAAIADv//AAAACAANABoAJAA7AAAAAAAAAgEAAAAAAAAABQAAAAAAAAAAAAAAAAAAAhU=}}

@article{Bialke_2012_PRL,
	Author = {Bialk{\'e}, Julian and Speck, Thomas and L{\"o}wen, Hartmut},
	Date-Added = {2017-06-03 19:14:07 +0000},
	Date-Modified = {2018-06-15 13:37:33 +0000},
	Doi = {10.1103/physrevlett.108.168301},
	Issn = {1079-7114},
	Journal = {Physical Review Letters},
	Month = {Apr},
	Number = {16},
	Publisher = {American Physical Society (APS)},
	Title = {Crystallization in a Dense Suspension of Self-Propelled Particles},
	Url = {http://dx.doi.org/10.1103/PhysRevLett.108.168301},
	Volume = {108},
	Year = {2012},
	Bdsk-File-1 = {YnBsaXN0MDDSAQIDBFxyZWxhdGl2ZVBhdGhZYWxpYXNEYXRhXxAVQmlhbGtlRUFfMjAxMl9QUkwucGRmTxEB3AAAAAAB3AACAAAMTWFjaW50b3NoIEhEAAAAAAAAAAAAAAAAAAAAAAAAAEJEAAH/////FUJpYWxrZUVBXzIwMTJfUFJMLnBkZgAAAAAAAAAAAAAAAAAAAAAAAAAAAAAAAAAAAAAAAAAAAAAAAAAAAAAAAP////8AAAAAAAAAAAAAAAAAAQACAAAKIGN1AAAAAAAAAAAAAAAAAAowMC1saWJyYXJ5AAIAaS86VXNlcnM6c2hhbm5vbjpEb2N1bWVudHM6MDEtUHJvZmVzc2lvbmFsOjAxLVByb2plY3RzOmFjdGl2ZS1zaGFwZTpwYXBlcjowMC1saWJyYXJ5OkJpYWxrZUVBXzIwMTJfUFJMLnBkZgAADgAsABUAQgBpAGEAbABrAGUARQBBAF8AMgAwADEAMgBfAFAAUgBMAC4AcABkAGYADwAaAAwATQBhAGMAaQBuAHQAbwBzAGgAIABIAEQAEgBnVXNlcnMvc2hhbm5vbi9Eb2N1bWVudHMvMDEtUHJvZmVzc2lvbmFsLzAxLVByb2plY3RzL2FjdGl2ZS1zaGFwZS9wYXBlci8wMC1saWJyYXJ5L0JpYWxrZUVBXzIwMTJfUFJMLnBkZgAAEwABLwAAFQACAA7//wAAAAgADQAaACQAPAAAAAAAAAIBAAAAAAAAAAUAAAAAAAAAAAAAAAAAAAIc},
	Bdsk-Url-1 = {http://dx.doi.org/10.1103/PhysRevLett.108.168301},
	Bdsk-Url-2 = {http://dx.doi.org/10.1103/physrevlett.108.168301}}

@article{Briand_2016_PRL,
	Author = {Briand, G. and Dauchot, O.},
	Date-Added = {2017-06-03 19:14:07 +0000},
	Date-Modified = {2018-06-15 13:37:40 +0000},
	Doi = {10.1103/physrevlett.117.098004},
	Issn = {1079-7114},
	Journal = {Physical Review Letters},
	Month = {Aug},
	Number = {9},
	Publisher = {American Physical Society (APS)},
	Title = {Crystallization of Self-Propelled Hard Discs},
	Url = {http://dx.doi.org/10.1103/PhysRevLett.117.098004},
	Volume = {117},
	Year = {2016},
	Bdsk-File-1 = {YnBsaXN0MDDSAQIDBFxyZWxhdGl2ZVBhdGhZYWxpYXNEYXRhXxAaQnJpYW5kRGF1Y2hvdF8yMDE2X1BSTC5wZGZPEQHuAAAAAAHuAAIAAAxNYWNpbnRvc2ggSEQAAAAAAAAAAAAAAAAAAAAAAAAAQkQAAf////8aQnJpYW5kRGF1Y2hvdF8yMDE2X1BSTC5wZGYAAAAAAAAAAAAAAAAAAAAAAAAAAAAAAAAAAAAAAAAAAAAAAAAA/////wAAAAAAAAAAAAAAAAABAAIAAAogY3UAAAAAAAAAAAAAAAAACjAwLWxpYnJhcnkAAgBuLzpVc2VyczpzaGFubm9uOkRvY3VtZW50czowMS1Qcm9mZXNzaW9uYWw6MDEtUHJvamVjdHM6YWN0aXZlLXNoYXBlOnBhcGVyOjAwLWxpYnJhcnk6QnJpYW5kRGF1Y2hvdF8yMDE2X1BSTC5wZGYADgA2ABoAQgByAGkAYQBuAGQARABhAHUAYwBoAG8AdABfADIAMAAxADYAXwBQAFIATAAuAHAAZABmAA8AGgAMAE0AYQBjAGkAbgB0AG8AcwBoACAASABEABIAbFVzZXJzL3NoYW5ub24vRG9jdW1lbnRzLzAxLVByb2Zlc3Npb25hbC8wMS1Qcm9qZWN0cy9hY3RpdmUtc2hhcGUvcGFwZXIvMDAtbGlicmFyeS9CcmlhbmREYXVjaG90XzIwMTZfUFJMLnBkZgATAAEvAAAVAAIADv//AAAACAANABoAJABBAAAAAAAAAgEAAAAAAAAABQAAAAAAAAAAAAAAAAAAAjM=},
	Bdsk-Url-1 = {http://dx.doi.org/10.1103/PhysRevLett.117.098004},
	Bdsk-Url-2 = {http://dx.doi.org/10.1103/physrevlett.117.098004}}

@article{Cates_2013_EPL,
	Author = {Cates, M. E. and Tailleur, J.},
	Date-Added = {2017-06-03 19:14:07 +0000},
	Date-Modified = {2018-06-15 13:37:49 +0000},
	Journal = {Europhysics Letters},
	Number = {20010},
	Title = {When are active Brownian particles and run-and-tumble particles equivalent? Consequences for motility-induced phase separataion},
	Volume = {101},
	Year = {2013},
	Bdsk-File-1 = {YnBsaXN0MDDSAQIDBFxyZWxhdGl2ZVBhdGhZYWxpYXNEYXRhXxAaQ2F0ZXNUYWlsbGV1cl8yMDEzX0VQTC5wZGZPEQHuAAAAAAHuAAIAAAxNYWNpbnRvc2ggSEQAAAAAAAAAAAAAAAAAAAAAAAAAQkQAAf////8aQ2F0ZXNUYWlsbGV1cl8yMDEzX0VQTC5wZGYAAAAAAAAAAAAAAAAAAAAAAAAAAAAAAAAAAAAAAAAAAAAAAAAA/////wAAAAAAAAAAAAAAAAABAAIAAAogY3UAAAAAAAAAAAAAAAAACjAwLWxpYnJhcnkAAgBuLzpVc2VyczpzaGFubm9uOkRvY3VtZW50czowMS1Qcm9mZXNzaW9uYWw6MDEtUHJvamVjdHM6YWN0aXZlLXNoYXBlOnBhcGVyOjAwLWxpYnJhcnk6Q2F0ZXNUYWlsbGV1cl8yMDEzX0VQTC5wZGYADgA2ABoAQwBhAHQAZQBzAFQAYQBpAGwAbABlAHUAcgBfADIAMAAxADMAXwBFAFAATAAuAHAAZABmAA8AGgAMAE0AYQBjAGkAbgB0AG8AcwBoACAASABEABIAbFVzZXJzL3NoYW5ub24vRG9jdW1lbnRzLzAxLVByb2Zlc3Npb25hbC8wMS1Qcm9qZWN0cy9hY3RpdmUtc2hhcGUvcGFwZXIvMDAtbGlicmFyeS9DYXRlc1RhaWxsZXVyXzIwMTNfRVBMLnBkZgATAAEvAAAVAAIADv//AAAACAANABoAJABBAAAAAAAAAgEAAAAAAAAABQAAAAAAAAAAAAAAAAAAAjM=}}

@article{Chakrabarty_2014_Langmuir,
	Author = {Chakrabarty, A. and Konya, A. and Wang, F. and Selinger, J. V. and Sun, K. and Wei, Q.},
	Date-Added = {2017-06-03 19:14:07 +0000},
	Date-Modified = {2017-06-03 19:27:05 +0000},
	Journal = {Langmuir},
	Pages = {13844-13853},
	Title = {Brownian Motion of Arbitrarily Shaped Particles in Two Dimensions},
	Volume = {30},
	Year = {2014},
	Bdsk-File-1 = {YnBsaXN0MDDSAQIDBFxyZWxhdGl2ZVBhdGhZYWxpYXNEYXRhXxAdQ2hha3JhYmFydHlfMjAxNF9MYW5nbXVpci5wZGZPEQH8AAAAAAH8AAIAAAxNYWNpbnRvc2ggSEQAAAAAAAAAAAAAAAAAAAAAAAAAQkQAAf////8dQ2hha3JhYmFydHlfMjAxNF9MYW5nbXVpci5wZGYAAAAAAAAAAAAAAAAAAAAAAAAAAAAAAAAAAAAAAAAAAAAA/////wAAAAAAAAAAAAAAAAABAAIAAAogY3UAAAAAAAAAAAAAAAAACjAwLWxpYnJhcnkAAgBxLzpVc2VyczpzaGFubm9uOkRvY3VtZW50czowMS1Qcm9mZXNzaW9uYWw6MDEtUHJvamVjdHM6YWN0aXZlLXNoYXBlOnBhcGVyOjAwLWxpYnJhcnk6Q2hha3JhYmFydHlfMjAxNF9MYW5nbXVpci5wZGYAAA4APAAdAEMAaABhAGsAcgBhAGIAYQByAHQAeQBfADIAMAAxADQAXwBMAGEAbgBnAG0AdQBpAHIALgBwAGQAZgAPABoADABNAGEAYwBpAG4AdABvAHMAaAAgAEgARAASAG9Vc2Vycy9zaGFubm9uL0RvY3VtZW50cy8wMS1Qcm9mZXNzaW9uYWwvMDEtUHJvamVjdHMvYWN0aXZlLXNoYXBlL3BhcGVyLzAwLWxpYnJhcnkvQ2hha3JhYmFydHlfMjAxNF9MYW5nbXVpci5wZGYAABMAAS8AABUAAgAO//8AAAAIAA0AGgAkAEQAAAAAAAACAQAAAAAAAAAFAAAAAAAAAAAAAAAAAAACRA==}}

@article{Desreumaux_2012_EPJE,
	Author = {Desreumaux, N. and Florent, N. and Lauga, E. and Bartolo, D.},
	Date-Added = {2017-06-03 19:14:07 +0000},
	Date-Modified = {2018-06-15 13:37:59 +0000},
	Doi = {10.1140/epje/i2012-12068-y},
	Issn = {1292-895X},
	Journal = {The European Physical Journal E},
	Month = {Aug},
	Number = {8},
	Publisher = {Springer Nature},
	Title = {Active and driven hydrodynamic crystals},
	Url = {http://dx.doi.org/10.1140/epje/i2012-12068-y},
	Volume = {35},
	Year = {2012},
	Bdsk-File-1 = {YnBsaXN0MDDSAQIDBFxyZWxhdGl2ZVBhdGhZYWxpYXNEYXRhXxAaRGVzcmV1bWF1eEVBXzIwMTJfRVBKRS5wZGZPEQHuAAAAAAHuAAIAAAxNYWNpbnRvc2ggSEQAAAAAAAAAAAAAAAAAAAAAAAAAQkQAAf////8aRGVzcmV1bWF1eEVBXzIwMTJfRVBKRS5wZGYAAAAAAAAAAAAAAAAAAAAAAAAAAAAAAAAAAAAAAAAAAAAAAAAA/////wAAAAAAAAAAAAAAAAABAAIAAAogY3UAAAAAAAAAAAAAAAAACjAwLWxpYnJhcnkAAgBuLzpVc2VyczpzaGFubm9uOkRvY3VtZW50czowMS1Qcm9mZXNzaW9uYWw6MDEtUHJvamVjdHM6YWN0aXZlLXNoYXBlOnBhcGVyOjAwLWxpYnJhcnk6RGVzcmV1bWF1eEVBXzIwMTJfRVBKRS5wZGYADgA2ABoARABlAHMAcgBlAHUAbQBhAHUAeABFAEEAXwAyADAAMQAyAF8ARQBQAEoARQAuAHAAZABmAA8AGgAMAE0AYQBjAGkAbgB0AG8AcwBoACAASABEABIAbFVzZXJzL3NoYW5ub24vRG9jdW1lbnRzLzAxLVByb2Zlc3Npb25hbC8wMS1Qcm9qZWN0cy9hY3RpdmUtc2hhcGUvcGFwZXIvMDAtbGlicmFyeS9EZXNyZXVtYXV4RUFfMjAxMl9FUEpFLnBkZgATAAEvAAAVAAIADv//AAAACAANABoAJABBAAAAAAAAAgEAAAAAAAAABQAAAAAAAAAAAAAAAAAAAjM=},
	Bdsk-Url-1 = {http://dx.doi.org/10.1140/epje/i2012-12068-y}}

@article{Fily_2012_PRL,
	Author = {Fily, Yaouen and Marchetti, M. Cristina},
	Date-Added = {2017-06-03 19:14:07 +0000},
	Date-Modified = {2018-06-15 13:38:06 +0000},
	Doi = {10.1103/physrevlett.108.235702},
	Issn = {1079-7114},
	Journal = {Physical Review Letters},
	Month = {Jun},
	Number = {23},
	Publisher = {American Physical Society (APS)},
	Title = {Athermal Phase Separation of Self-Propelled Particles with No Alignment},
	Url = {http://dx.doi.org/10.1103/PhysRevLett.108.235702},
	Volume = {108},
	Year = {2012},
	Bdsk-File-1 = {YnBsaXN0MDDSAQIDBFxyZWxhdGl2ZVBhdGhZYWxpYXNEYXRhXxAaRmlseU1hcmNoZXR0aV8yMDEyX1BSTC5wZGZPEQHuAAAAAAHuAAIAAAxNYWNpbnRvc2ggSEQAAAAAAAAAAAAAAAAAAAAAAAAAQkQAAf////8aRmlseU1hcmNoZXR0aV8yMDEyX1BSTC5wZGYAAAAAAAAAAAAAAAAAAAAAAAAAAAAAAAAAAAAAAAAAAAAAAAAA/////wAAAAAAAAAAAAAAAAABAAIAAAogY3UAAAAAAAAAAAAAAAAACjAwLWxpYnJhcnkAAgBuLzpVc2VyczpzaGFubm9uOkRvY3VtZW50czowMS1Qcm9mZXNzaW9uYWw6MDEtUHJvamVjdHM6YWN0aXZlLXNoYXBlOnBhcGVyOjAwLWxpYnJhcnk6RmlseU1hcmNoZXR0aV8yMDEyX1BSTC5wZGYADgA2ABoARgBpAGwAeQBNAGEAcgBjAGgAZQB0AHQAaQBfADIAMAAxADIAXwBQAFIATAAuAHAAZABmAA8AGgAMAE0AYQBjAGkAbgB0AG8AcwBoACAASABEABIAbFVzZXJzL3NoYW5ub24vRG9jdW1lbnRzLzAxLVByb2Zlc3Npb25hbC8wMS1Qcm9qZWN0cy9hY3RpdmUtc2hhcGUvcGFwZXIvMDAtbGlicmFyeS9GaWx5TWFyY2hldHRpXzIwMTJfUFJMLnBkZgATAAEvAAAVAAIADv//AAAACAANABoAJABBAAAAAAAAAgEAAAAAAAAABQAAAAAAAAAAAAAAAAAAAjM=},
	Bdsk-Url-1 = {http://dx.doi.org/10.1103/PhysRevLett.108.235702},
	Bdsk-Url-2 = {http://dx.doi.org/10.1103/physrevlett.108.235702}}

@article{Klapp_2016_CurrentOpinionColloidInterfaceScience,
	Author = {Klapp, S.H.L.},
	Date-Added = {2017-06-03 19:14:07 +0000},
	Date-Modified = {2017-06-03 19:50:35 +0000},
	Journal = {Current Opinion in Colloid \& Interface Science},
	Pages = {76-85},
	Title = {Collective dynamics of dipolar and multipolar colloids: From passive to active systems},
	Year = {2016},
	Bdsk-File-1 = {YnBsaXN0MDDSAQIDBFxyZWxhdGl2ZVBhdGhZYWxpYXNEYXRhXxA0S2xhcHBfMjAxNl9DdXJyZW50T3BpbmlvbkNvbGxvaWRJbnRlcmZhY2VTY2llbmNlLnBkZk8RAlYAAAAAAlYAAgAADE1hY2ludG9zaCBIRAAAAAAAAAAAAAAAAAAAAAAAAABCRAAB/////x9LbGFwcF8yMDE2X0N1cnJlbnQjRkZGRkZGRkYucGRmAAAAAAAAAAAAAAAAAAAAAAAAAAAAAAAAAAAAAAAAAAD/////AAAAAAAAAAAAAAAAAAEAAgAACiBjdQAAAAAAAAAAAAAAAAAKMDAtbGlicmFyeQACAIgvOlVzZXJzOnNoYW5ub246RG9jdW1lbnRzOjAxLVByb2Zlc3Npb25hbDowMS1Qcm9qZWN0czphY3RpdmUtc2hhcGU6cGFwZXI6MDAtbGlicmFyeTpLbGFwcF8yMDE2X0N1cnJlbnRPcGluaW9uQ29sbG9pZEludGVyZmFjZVNjaWVuY2UucGRmAA4AagA0AEsAbABhAHAAcABfADIAMAAxADYAXwBDAHUAcgByAGUAbgB0AE8AcABpAG4AaQBvAG4AQwBvAGwAbABvAGkAZABJAG4AdABlAHIAZgBhAGMAZQBTAGMAaQBlAG4AYwBlAC4AcABkAGYADwAaAAwATQBhAGMAaQBuAHQAbwBzAGgAIABIAEQAEgCGVXNlcnMvc2hhbm5vbi9Eb2N1bWVudHMvMDEtUHJvZmVzc2lvbmFsLzAxLVByb2plY3RzL2FjdGl2ZS1zaGFwZS9wYXBlci8wMC1saWJyYXJ5L0tsYXBwXzIwMTZfQ3VycmVudE9waW5pb25Db2xsb2lkSW50ZXJmYWNlU2NpZW5jZS5wZGYAEwABLwAAFQACAA7//wAAAAgADQAaACQAWwAAAAAAAAIBAAAAAAAAAAUAAAAAAAAAAAAAAAAAAAK1}}

@article{Kuemmel_2013_PRL,
	Author = {K{\"u}mmel, Felix and ten Hagen, Borge and Wittkowski, Raphael and Buttinoni, Ivo and Eichhorn, Ralf and Volpe, Giovanni and L{\"o}wen, Hartmut and Bechinger, Clemens},
	Date-Added = {2017-06-03 19:14:07 +0000},
	Date-Modified = {2018-06-15 13:38:12 +0000},
	Doi = {10.1103/physrevlett.110.198302},
	Issn = {1079-7114},
	Journal = {Physical Review Letters},
	Month = {May},
	Number = {19},
	Publisher = {American Physical Society (APS)},
	Title = {Circular Motion of Asymmetric Self-Propelling Particles},
	Url = {http://dx.doi.org/10.1103/PhysRevLett.110.198302},
	Volume = {110},
	Year = {2013},
	Bdsk-File-1 = {YnBsaXN0MDDSAQIDBFxyZWxhdGl2ZVBhdGhZYWxpYXNEYXRhXxAWS3VlbW1lbEVBXzIwMTNfUFJMLnBkZk8RAd4AAAAAAd4AAgAADE1hY2ludG9zaCBIRAAAAAAAAAAAAAAAAAAAAAAAAABCRAAB/////xZLdWVtbWVsRUFfMjAxM19QUkwucGRmAAAAAAAAAAAAAAAAAAAAAAAAAAAAAAAAAAAAAAAAAAAAAAAAAAAAAAD/////AAAAAAAAAAAAAAAAAAEAAgAACiBjdQAAAAAAAAAAAAAAAAAKMDAtbGlicmFyeQACAGovOlVzZXJzOnNoYW5ub246RG9jdW1lbnRzOjAxLVByb2Zlc3Npb25hbDowMS1Qcm9qZWN0czphY3RpdmUtc2hhcGU6cGFwZXI6MDAtbGlicmFyeTpLdWVtbWVsRUFfMjAxM19QUkwucGRmAA4ALgAWAEsAdQBlAG0AbQBlAGwARQBBAF8AMgAwADEAMwBfAFAAUgBMAC4AcABkAGYADwAaAAwATQBhAGMAaQBuAHQAbwBzAGgAIABIAEQAEgBoVXNlcnMvc2hhbm5vbi9Eb2N1bWVudHMvMDEtUHJvZmVzc2lvbmFsLzAxLVByb2plY3RzL2FjdGl2ZS1zaGFwZS9wYXBlci8wMC1saWJyYXJ5L0t1ZW1tZWxFQV8yMDEzX1BSTC5wZGYAEwABLwAAFQACAA7//wAAAAgADQAaACQAPQAAAAAAAAIBAAAAAAAAAAUAAAAAAAAAAAAAAAAAAAIf},
	Bdsk-Url-1 = {http://dx.doi.org/10.1103/PhysRevLett.110.198302},
	Bdsk-Url-2 = {http://dx.doi.org/10.1103/physrevlett.110.198302}}

@article{Lapointe_2009_Science,
	Author = {Lapointe, C. P. and Mason, T. G. and Smalyukh, I. I.},
	Date-Added = {2017-06-03 19:14:07 +0000},
	Date-Modified = {2018-06-15 13:38:23 +0000},
	Journal = {Science},
	Number = {5956},
	Pages = {1083-1086},
	Title = {Shape-Controlled Colloidal Interactions in Nematic Liquid Crystals},
	Volume = {326},
	Year = {2009},
	Bdsk-File-1 = {YnBsaXN0MDDSAQIDBFxyZWxhdGl2ZVBhdGhZYWxpYXNEYXRhXxAmTGFwb2ludGVNYXNvblNtYWx5dWtoXzIwMDlfU2NpZW5jZS5wZGZPEQIeAAAAAAIeAAIAAAxNYWNpbnRvc2ggSEQAAAAAAAAAAAAAAAAAAAAAAAAAQkQAAf////8fTGFwb2ludGVNYXNvblNtYWx5I0ZGRkZGRkZGLnBkZgAAAAAAAAAAAAAAAAAAAAAAAAAAAAAAAAAAAAAAAAAA/////wAAAAAAAAAAAAAAAAABAAIAAAogY3UAAAAAAAAAAAAAAAAACjAwLWxpYnJhcnkAAgB6LzpVc2VyczpzaGFubm9uOkRvY3VtZW50czowMS1Qcm9mZXNzaW9uYWw6MDEtUHJvamVjdHM6YWN0aXZlLXNoYXBlOnBhcGVyOjAwLWxpYnJhcnk6TGFwb2ludGVNYXNvblNtYWx5dWtoXzIwMDlfU2NpZW5jZS5wZGYADgBOACYATABhAHAAbwBpAG4AdABlAE0AYQBzAG8AbgBTAG0AYQBsAHkAdQBrAGgAXwAyADAAMAA5AF8AUwBjAGkAZQBuAGMAZQAuAHAAZABmAA8AGgAMAE0AYQBjAGkAbgB0AG8AcwBoACAASABEABIAeFVzZXJzL3NoYW5ub24vRG9jdW1lbnRzLzAxLVByb2Zlc3Npb25hbC8wMS1Qcm9qZWN0cy9hY3RpdmUtc2hhcGUvcGFwZXIvMDAtbGlicmFyeS9MYXBvaW50ZU1hc29uU21hbHl1a2hfMjAwOV9TY2llbmNlLnBkZgATAAEvAAAVAAIADv//AAAACAANABoAJABNAAAAAAAAAgEAAAAAAAAABQAAAAAAAAAAAAAAAAAAAm8=}}

@article{Mann_2009_NatureMaterials,
	Author = {Mann, Stephen},
	Date-Added = {2017-06-03 19:14:07 +0000},
	Date-Modified = {2017-06-03 19:18:32 +0000},
	Doi = {10.1038/nmat2496},
	Issn = {1476-4660},
	Journal = {Nature Materials},
	Month = {Sep},
	Number = {10},
	Pages = {781--792},
	Publisher = {Springer Nature},
	Title = {Self-assembly and transformation of hybrid nano-objects and nanostructures under equilibrium and non-equilibrium conditions},
	Url = {http://dx.doi.org/10.1038/nmat2496},
	Volume = {8},
	Year = {2009},
	Bdsk-File-1 = {YnBsaXN0MDDSAQIDBFxyZWxhdGl2ZVBhdGhZYWxpYXNEYXRhXxAdTWFubl8yMDA5X05hdHVyZU1hdGVyaWFscy5wZGZPEQH8AAAAAAH8AAIAAAxNYWNpbnRvc2ggSEQAAAAAAAAAAAAAAAAAAAAAAAAAQkQAAf////8dTWFubl8yMDA5X05hdHVyZU1hdGVyaWFscy5wZGYAAAAAAAAAAAAAAAAAAAAAAAAAAAAAAAAAAAAAAAAAAAAA/////wAAAAAAAAAAAAAAAAABAAIAAAogY3UAAAAAAAAAAAAAAAAACjAwLWxpYnJhcnkAAgBxLzpVc2VyczpzaGFubm9uOkRvY3VtZW50czowMS1Qcm9mZXNzaW9uYWw6MDEtUHJvamVjdHM6YWN0aXZlLXNoYXBlOnBhcGVyOjAwLWxpYnJhcnk6TWFubl8yMDA5X05hdHVyZU1hdGVyaWFscy5wZGYAAA4APAAdAE0AYQBuAG4AXwAyADAAMAA5AF8ATgBhAHQAdQByAGUATQBhAHQAZQByAGkAYQBsAHMALgBwAGQAZgAPABoADABNAGEAYwBpAG4AdABvAHMAaAAgAEgARAASAG9Vc2Vycy9zaGFubm9uL0RvY3VtZW50cy8wMS1Qcm9mZXNzaW9uYWwvMDEtUHJvamVjdHMvYWN0aXZlLXNoYXBlL3BhcGVyLzAwLWxpYnJhcnkvTWFubl8yMDA5X05hdHVyZU1hdGVyaWFscy5wZGYAABMAAS8AABUAAgAO//8AAAAIAA0AGgAkAEQAAAAAAAACAQAAAAAAAAAFAAAAAAAAAAAAAAAAAAACRA==},
	Bdsk-Url-1 = {http://dx.doi.org/10.1038/nmat2496}}

@article{Manoharan_2015_Science,
	Author = {Manoharan, V. N.},
	Date-Added = {2017-06-03 19:14:07 +0000},
	Date-Modified = {2017-06-03 19:16:24 +0000},
	Doi = {10.1126/science.1253751},
	Issn = {1095-9203},
	Journal = {Science},
	Month = {Aug},
	Number = {6251},
	Pages = {1253751--1253751},
	Publisher = {American Association for the Advancement of Science (AAAS)},
	Title = {Colloidal matter: Packing, geometry, and entropy},
	Url = {http://dx.doi.org/10.1126/science.1253751},
	Volume = {349},
	Year = {2015},
	Bdsk-File-1 = {YnBsaXN0MDDSAQIDBFxyZWxhdGl2ZVBhdGhZYWxpYXNEYXRhXxAaTWFub2hhcmFuXzIwMTVfU2NpZW5jZS5wZGZPEQI4AAAAAAI4AAIAAAhQRVBJVE9ORQAAAAAAAAAAAAAAAAAAAAAAAADTOp5SSCsAAAEZU+8aTWFub2hhcmFuXzIwMTVfU2NpZW5jZS5wZGYAAAAAAAAAAAAAAAAAAAAAAAAAAAAAAAAAAAAAAAAAAAAAAAAAARlUmtLILzgAAAAAAAAAAAABAAIAAAkgAAAAAAAAAAAAAAAAAAAADEJpYmxpb2dyYXBoeQAQAAgAANM61pIAAAARAAgAANLIdYgAAAABACABGVPvARlSCwEZUEoBGUpHABokYgAaIggAGahzAAAAcAACAH9QRVBJVE9ORTpVc2VyczoAbW9yYW5zZToARHJvcGJveDoAMDEgQUNUSVZFOgAwMSBQcm9mZXNzaW9uYWw6ADA0IExhYjoAMDYgU2hhcGVzIFBhcGVyOgBCaWJsaW9ncmFwaHk6AE1hbm9oYXJhbl8yMDE1X1NjaWVuY2UucGRmAAAOADYAGgBNAGEAbgBvAGgAYQByAGEAbgBfADIAMAAxADUAXwBTAGMAaQBlAG4AYwBlAC4AcABkAGYADwASAAgAUABFAFAASQBUAE8ATgBFABIAblVzZXJzL21vcmFuc2UvRHJvcGJveC8wMSBBQ1RJVkUvMDEgUHJvZmVzc2lvbmFsLzA0IExhYi8wNiBTaGFwZXMgUGFwZXIvQmlibGlvZ3JhcGh5L01hbm9oYXJhbl8yMDE1X1NjaWVuY2UucGRmABMAAS8AABUAAgAO//8AAAAIAA0AGgAkAEEAAAAAAAACAQAAAAAAAAAFAAAAAAAAAAAAAAAAAAACfQ==},
	Bdsk-Url-1 = {http://dx.doi.org/10.1126/science.1253751}}

@article{Marchetti_2013_RevModPhys,
	Author = {Marchetti, M. C. and Joanny, J. F. and Ramaswamy, S. and Liverpool, T. B. and Prost, J. and Rao, Madan and Simha, R. Aditi},
	Date-Added = {2017-06-03 19:14:07 +0000},
	Date-Modified = {2018-06-15 13:38:36 +0000},
	Doi = {10.1103/revmodphys.85.1143},
	Issn = {1539-0756},
	Journal = {Reviews of Modern Physics},
	Month = {Jul},
	Number = {3},
	Pages = {1143--1189},
	Publisher = {American Physical Society (APS)},
	Title = {Hydrodynamics of soft active matter},
	Url = {http://dx.doi.org/10.1103/RevModPhys.85.1143},
	Volume = {85},
	Year = {2013},
	Bdsk-File-1 = {YnBsaXN0MDDSAQIDBFxyZWxhdGl2ZVBhdGhZYWxpYXNEYXRhXxAfTWFyY2hldHRpRUFfMjAxM19SZXZNb2RQaHlzLnBkZk8RAgQAAAAAAgQAAgAADE1hY2ludG9zaCBIRAAAAAAAAAAAAAAAAAAAAAAAAABCRAAB/////x9NYXJjaGV0dGlFQV8yMDEzX1Jldk1vZFBoeXMucGRmAAAAAAAAAAAAAAAAAAAAAAAAAAAAAAAAAAAAAAAAAAD/////AAAAAAAAAAAAAAAAAAEAAgAACiBjdQAAAAAAAAAAAAAAAAAKMDAtbGlicmFyeQACAHMvOlVzZXJzOnNoYW5ub246RG9jdW1lbnRzOjAxLVByb2Zlc3Npb25hbDowMS1Qcm9qZWN0czphY3RpdmUtc2hhcGU6cGFwZXI6MDAtbGlicmFyeTpNYXJjaGV0dGlFQV8yMDEzX1Jldk1vZFBoeXMucGRmAAAOAEAAHwBNAGEAcgBjAGgAZQB0AHQAaQBFAEEAXwAyADAAMQAzAF8AUgBlAHYATQBvAGQAUABoAHkAcwAuAHAAZABmAA8AGgAMAE0AYQBjAGkAbgB0AG8AcwBoACAASABEABIAcVVzZXJzL3NoYW5ub24vRG9jdW1lbnRzLzAxLVByb2Zlc3Npb25hbC8wMS1Qcm9qZWN0cy9hY3RpdmUtc2hhcGUvcGFwZXIvMDAtbGlicmFyeS9NYXJjaGV0dGlFQV8yMDEzX1Jldk1vZFBoeXMucGRmAAATAAEvAAAVAAIADv//AAAACAANABoAJABGAAAAAAAAAgEAAAAAAAAABQAAAAAAAAAAAAAAAAAAAk4=},
	Bdsk-Url-1 = {http://dx.doi.org/10.1103/RevModPhys.85.1143},
	Bdsk-Url-2 = {http://dx.doi.org/10.1103/revmodphys.85.1143}}

@article{Marchetti_2016_CurrentOpinionColloidInterfaceScience,
	Author = {Marchetti, M. C. and Fily, Y. and Henkes, S. and Patch, A. and Yllanes, D.},
	Date-Added = {2017-06-03 19:14:07 +0000},
	Date-Modified = {2018-06-15 13:38:40 +0000},
	Journal = {Current Opinion in Colloid \& Interface Science},
	Pages = {34-43},
	Title = {Minimal model of active colloids highlights the role of mechanical interactions in controlling the emergent behavior of active matter},
	Volume = {21},
	Year = {2016},
	Bdsk-File-1 = {YnBsaXN0MDDSAQIDBFxyZWxhdGl2ZVBhdGhZYWxpYXNEYXRhXxA6TWFyY2hldHRpRUFfMjAxNl9DdXJyZW50T3BpbmlvbkNvbGxvaWRJbnRlcmZhY2VTY2llbmNlLnBkZk8RAm4AAAAAAm4AAgAADE1hY2ludG9zaCBIRAAAAAAAAAAAAAAAAAAAAAAAAABCRAAB/////x9NYXJjaGV0dGlFQV8yMDE2X0MjRkZGRkZGRkYucGRmAAAAAAAAAAAAAAAAAAAAAAAAAAAAAAAAAAAAAAAAAAD/////AAAAAAAAAAAAAAAAAAEAAgAACiBjdQAAAAAAAAAAAAAAAAAKMDAtbGlicmFyeQACAI4vOlVzZXJzOnNoYW5ub246RG9jdW1lbnRzOjAxLVByb2Zlc3Npb25hbDowMS1Qcm9qZWN0czphY3RpdmUtc2hhcGU6cGFwZXI6MDAtbGlicmFyeTpNYXJjaGV0dGlFQV8yMDE2X0N1cnJlbnRPcGluaW9uQ29sbG9pZEludGVyZmFjZVNjaWVuY2UucGRmAA4AdgA6AE0AYQByAGMAaABlAHQAdABpAEUAQQBfADIAMAAxADYAXwBDAHUAcgByAGUAbgB0AE8AcABpAG4AaQBvAG4AQwBvAGwAbABvAGkAZABJAG4AdABlAHIAZgBhAGMAZQBTAGMAaQBlAG4AYwBlAC4AcABkAGYADwAaAAwATQBhAGMAaQBuAHQAbwBzAGgAIABIAEQAEgCMVXNlcnMvc2hhbm5vbi9Eb2N1bWVudHMvMDEtUHJvZmVzc2lvbmFsLzAxLVByb2plY3RzL2FjdGl2ZS1zaGFwZS9wYXBlci8wMC1saWJyYXJ5L01hcmNoZXR0aUVBXzIwMTZfQ3VycmVudE9waW5pb25Db2xsb2lkSW50ZXJmYWNlU2NpZW5jZS5wZGYAEwABLwAAFQACAA7//wAAAAgADQAaACQAYQAAAAAAAAIBAAAAAAAAAAUAAAAAAAAAAAAAAAAAAALT}}

@article{Menzel_2014_PRE,
	Author = {Menzel, Andreas M. and Ohta, Takao and L{\"o}wen, Hartmut},
	Date-Added = {2017-06-03 19:14:07 +0000},
	Date-Modified = {2018-06-15 13:38:45 +0000},
	Doi = {10.1103/physreve.89.022301},
	Issn = {1550-2376},
	Journal = {Physical Review E},
	Month = {Feb},
	Number = {2},
	Publisher = {American Physical Society (APS)},
	Title = {Active crystals and their stability},
	Url = {http://dx.doi.org/10.1103/PhysRevE.89.022301},
	Volume = {89},
	Year = {2014},
	Bdsk-File-1 = {YnBsaXN0MDDSAQIDBFxyZWxhdGl2ZVBhdGhZYWxpYXNEYXRhXxAVTWVuemVsRUFfMjAxNF9QUkUucGRmTxEB3AAAAAAB3AACAAAMTWFjaW50b3NoIEhEAAAAAAAAAAAAAAAAAAAAAAAAAEJEAAH/////FU1lbnplbEVBXzIwMTRfUFJFLnBkZgAAAAAAAAAAAAAAAAAAAAAAAAAAAAAAAAAAAAAAAAAAAAAAAAAAAAAAAP////8AAAAAAAAAAAAAAAAAAQACAAAKIGN1AAAAAAAAAAAAAAAAAAowMC1saWJyYXJ5AAIAaS86VXNlcnM6c2hhbm5vbjpEb2N1bWVudHM6MDEtUHJvZmVzc2lvbmFsOjAxLVByb2plY3RzOmFjdGl2ZS1zaGFwZTpwYXBlcjowMC1saWJyYXJ5Ok1lbnplbEVBXzIwMTRfUFJFLnBkZgAADgAsABUATQBlAG4AegBlAGwARQBBAF8AMgAwADEANABfAFAAUgBFAC4AcABkAGYADwAaAAwATQBhAGMAaQBuAHQAbwBzAGgAIABIAEQAEgBnVXNlcnMvc2hhbm5vbi9Eb2N1bWVudHMvMDEtUHJvZmVzc2lvbmFsLzAxLVByb2plY3RzL2FjdGl2ZS1zaGFwZS9wYXBlci8wMC1saWJyYXJ5L01lbnplbEVBXzIwMTRfUFJFLnBkZgAAEwABLwAAFQACAA7//wAAAAgADQAaACQAPAAAAAAAAAIBAAAAAAAAAAUAAAAAAAAAAAAAAAAAAAIc},
	Bdsk-Url-1 = {http://dx.doi.org/10.1103/PhysRevE.89.022301},
	Bdsk-Url-2 = {http://dx.doi.org/10.1103/physreve.89.022301}}

@article{Mognetti_2013_PRL,
	Author = {Mognetti, B. M. and {\v S}ari{\'c}, A. and Angioletti-Uberti, S. and Cacciuto, A. and Valeriani, C. and Frenkel, D.},
	Date-Added = {2017-06-03 19:14:07 +0000},
	Date-Modified = {2018-06-15 13:38:50 +0000},
	Doi = {10.1103/physrevlett.111.245702},
	Issn = {1079-7114},
	Journal = {Physical Review Letters},
	Month = {Dec},
	Number = {24},
	Publisher = {American Physical Society (APS)},
	Title = {Living Clusters and Crystals from Low-Density Suspensions of Active Colloids},
	Url = {http://dx.doi.org/10.1103/PhysRevLett.111.245702},
	Volume = {111},
	Year = {2013},
	Bdsk-File-1 = {YnBsaXN0MDDSAQIDBFxyZWxhdGl2ZVBhdGhZYWxpYXNEYXRhXxAXTW9nbmV0dGlFQV8yMDEzX1BSTC5wZGZPEQHkAAAAAAHkAAIAAAxNYWNpbnRvc2ggSEQAAAAAAAAAAAAAAAAAAAAAAAAAQkQAAf////8XTW9nbmV0dGlFQV8yMDEzX1BSTC5wZGYAAAAAAAAAAAAAAAAAAAAAAAAAAAAAAAAAAAAAAAAAAAAAAAAAAAAA/////wAAAAAAAAAAAAAAAAABAAIAAAogY3UAAAAAAAAAAAAAAAAACjAwLWxpYnJhcnkAAgBrLzpVc2VyczpzaGFubm9uOkRvY3VtZW50czowMS1Qcm9mZXNzaW9uYWw6MDEtUHJvamVjdHM6YWN0aXZlLXNoYXBlOnBhcGVyOjAwLWxpYnJhcnk6TW9nbmV0dGlFQV8yMDEzX1BSTC5wZGYAAA4AMAAXAE0AbwBnAG4AZQB0AHQAaQBFAEEAXwAyADAAMQAzAF8AUABSAEwALgBwAGQAZgAPABoADABNAGEAYwBpAG4AdABvAHMAaAAgAEgARAASAGlVc2Vycy9zaGFubm9uL0RvY3VtZW50cy8wMS1Qcm9mZXNzaW9uYWwvMDEtUHJvamVjdHMvYWN0aXZlLXNoYXBlL3BhcGVyLzAwLWxpYnJhcnkvTW9nbmV0dGlFQV8yMDEzX1BSTC5wZGYAABMAAS8AABUAAgAO//8AAAAIAA0AGgAkAD4AAAAAAAACAQAAAAAAAAAFAAAAAAAAAAAAAAAAAAACJg==},
	Bdsk-Url-1 = {http://dx.doi.org/10.1103/PhysRevLett.111.245702},
	Bdsk-Url-2 = {http://dx.doi.org/10.1103/physrevlett.111.245702}}

@article{Nguyen_2014_PRL,
	Author = {Nguyen, Nguyen H. P. and Klotsa, Daphne and Engel, Michael and Glotzer, Sharon C.},
	Date-Added = {2017-06-03 19:14:07 +0000},
	Date-Modified = {2018-06-15 13:38:54 +0000},
	Doi = {10.1103/physrevlett.112.075701},
	Issn = {1079-7114},
	Journal = {Physical Review Letters},
	Month = {Feb},
	Number = {7},
	Publisher = {American Physical Society (APS)},
	Title = {Emergent Collective Phenomena in a Mixture of Hard Shapes through Active Rotation},
	Url = {http://dx.doi.org/10.1103/PhysRevLett.112.075701},
	Volume = {112},
	Year = {2014},
	Bdsk-File-1 = {YnBsaXN0MDDSAQIDBFxyZWxhdGl2ZVBhdGhZYWxpYXNEYXRhXxAVTmd1eWVuRUFfMjAxNF9QUkwucGRmTxEB3AAAAAAB3AACAAAMTWFjaW50b3NoIEhEAAAAAAAAAAAAAAAAAAAAAAAAAEJEAAH/////FU5ndXllbkVBXzIwMTRfUFJMLnBkZgAAAAAAAAAAAAAAAAAAAAAAAAAAAAAAAAAAAAAAAAAAAAAAAAAAAAAAAP////8AAAAAAAAAAAAAAAAAAQACAAAKIGN1AAAAAAAAAAAAAAAAAAowMC1saWJyYXJ5AAIAaS86VXNlcnM6c2hhbm5vbjpEb2N1bWVudHM6MDEtUHJvZmVzc2lvbmFsOjAxLVByb2plY3RzOmFjdGl2ZS1zaGFwZTpwYXBlcjowMC1saWJyYXJ5Ok5ndXllbkVBXzIwMTRfUFJMLnBkZgAADgAsABUATgBnAHUAeQBlAG4ARQBBAF8AMgAwADEANABfAFAAUgBMAC4AcABkAGYADwAaAAwATQBhAGMAaQBuAHQAbwBzAGgAIABIAEQAEgBnVXNlcnMvc2hhbm5vbi9Eb2N1bWVudHMvMDEtUHJvZmVzc2lvbmFsLzAxLVByb2plY3RzL2FjdGl2ZS1zaGFwZS9wYXBlci8wMC1saWJyYXJ5L05ndXllbkVBXzIwMTRfUFJMLnBkZgAAEwABLwAAFQACAA7//wAAAAgADQAaACQAPAAAAAAAAAIBAAAAAAAAAAUAAAAAAAAAAAAAAAAAAAIc},
	Bdsk-Url-1 = {http://dx.doi.org/10.1103/PhysRevLett.112.075701},
	Bdsk-Url-2 = {http://dx.doi.org/10.1103/physrevlett.112.075701}}

@article{Onsager_1949_ANYAS,
	Author = {Onsager, L.},
	Date-Added = {2017-06-03 19:14:07 +0000},
	Date-Modified = {2017-06-03 19:31:57 +0000},
	Journal = {Annals New York Academy of Sciences},
	Pages = {627-659},
	Title = {The Effects of Shape on the Interaction of Colloidal Particles},
	Year = {1949},
	Bdsk-File-1 = {YnBsaXN0MDDSAQIDBFxyZWxhdGl2ZVBhdGhZYWxpYXNEYXRhXxAWT25zYWdlcl8xOTQ5X0FOWUFTLnBkZk8RAd4AAAAAAd4AAgAADE1hY2ludG9zaCBIRAAAAAAAAAAAAAAAAAAAAAAAAABCRAAB/////xZPbnNhZ2VyXzE5NDlfQU5ZQVMucGRmAAAAAAAAAAAAAAAAAAAAAAAAAAAAAAAAAAAAAAAAAAAAAAAAAAAAAAD/////AAAAAAAAAAAAAAAAAAEAAgAACiBjdQAAAAAAAAAAAAAAAAAKMDAtbGlicmFyeQACAGovOlVzZXJzOnNoYW5ub246RG9jdW1lbnRzOjAxLVByb2Zlc3Npb25hbDowMS1Qcm9qZWN0czphY3RpdmUtc2hhcGU6cGFwZXI6MDAtbGlicmFyeTpPbnNhZ2VyXzE5NDlfQU5ZQVMucGRmAA4ALgAWAE8AbgBzAGEAZwBlAHIAXwAxADkANAA5AF8AQQBOAFkAQQBTAC4AcABkAGYADwAaAAwATQBhAGMAaQBuAHQAbwBzAGgAIABIAEQAEgBoVXNlcnMvc2hhbm5vbi9Eb2N1bWVudHMvMDEtUHJvZmVzc2lvbmFsLzAxLVByb2plY3RzL2FjdGl2ZS1zaGFwZS9wYXBlci8wMC1saWJyYXJ5L09uc2FnZXJfMTk0OV9BTllBUy5wZGYAEwABLwAAFQACAA7//wAAAAgADQAaACQAPQAAAAAAAAIBAAAAAAAAAAUAAAAAAAAAAAAAAAAAAAIf}}

@article{Palacci_2013_Science,
	Author = {Palacci, J. and Sacanna, S. and Steinberg, A. P. and Pine, D. and Chaikin, P. M.},
	Date-Added = {2017-06-03 19:14:07 +0000},
	Date-Modified = {2018-06-15 13:39:00 +0000},
	Journal = {Science},
	Pages = {936-940},
	Title = {Living Crystals of Light-Activated Colloidal Surfers},
	Volume = {339},
	Year = {2013},
	Bdsk-File-1 = {YnBsaXN0MDDSAQIDBFxyZWxhdGl2ZVBhdGhZYWxpYXNEYXRhXxAaUGFsYWNjaUVBXzIwMTNfU2NpZW5jZS5wZGZPEQHuAAAAAAHuAAIAAAxNYWNpbnRvc2ggSEQAAAAAAAAAAAAAAAAAAAAAAAAAQkQAAf////8aUGFsYWNjaUVBXzIwMTNfU2NpZW5jZS5wZGYAAAAAAAAAAAAAAAAAAAAAAAAAAAAAAAAAAAAAAAAAAAAAAAAA/////wAAAAAAAAAAAAAAAAABAAIAAAogY3UAAAAAAAAAAAAAAAAACjAwLWxpYnJhcnkAAgBuLzpVc2VyczpzaGFubm9uOkRvY3VtZW50czowMS1Qcm9mZXNzaW9uYWw6MDEtUHJvamVjdHM6YWN0aXZlLXNoYXBlOnBhcGVyOjAwLWxpYnJhcnk6UGFsYWNjaUVBXzIwMTNfU2NpZW5jZS5wZGYADgA2ABoAUABhAGwAYQBjAGMAaQBFAEEAXwAyADAAMQAzAF8AUwBjAGkAZQBuAGMAZQAuAHAAZABmAA8AGgAMAE0AYQBjAGkAbgB0AG8AcwBoACAASABEABIAbFVzZXJzL3NoYW5ub24vRG9jdW1lbnRzLzAxLVByb2Zlc3Npb25hbC8wMS1Qcm9qZWN0cy9hY3RpdmUtc2hhcGUvcGFwZXIvMDAtbGlicmFyeS9QYWxhY2NpRUFfMjAxM19TY2llbmNlLnBkZgATAAEvAAAVAAIADv//AAAACAANABoAJABBAAAAAAAAAgEAAAAAAAAABQAAAAAAAAAAAAAAAAAAAjM=}}

@article{Petroff_2015_PRL,
	Author = {Petroff, Alexander P. and Wu, Xiao-Lun and Libchaber, Albert},
	Date-Added = {2017-06-03 19:14:07 +0000},
	Date-Modified = {2018-06-15 13:39:04 +0000},
	Doi = {10.1103/physrevlett.114.158102},
	Issn = {1079-7114},
	Journal = {Physical Review Letters},
	Month = {Apr},
	Number = {15},
	Publisher = {American Physical Society (APS)},
	Title = {Fast-Moving Bacteria Self-Organize into Active Two-Dimensional Crystals of Rotating Cells},
	Url = {http://dx.doi.org/10.1103/PhysRevLett.114.158102},
	Volume = {114},
	Year = {2015},
	Bdsk-File-1 = {YnBsaXN0MDDSAQIDBFxyZWxhdGl2ZVBhdGhZYWxpYXNEYXRhXxAWUGV0cm9mZkVBXzIwMTVfUFJMLnBkZk8RAd4AAAAAAd4AAgAADE1hY2ludG9zaCBIRAAAAAAAAAAAAAAAAAAAAAAAAABCRAAB/////xZQZXRyb2ZmRUFfMjAxNV9QUkwucGRmAAAAAAAAAAAAAAAAAAAAAAAAAAAAAAAAAAAAAAAAAAAAAAAAAAAAAAD/////AAAAAAAAAAAAAAAAAAEAAgAACiBjdQAAAAAAAAAAAAAAAAAKMDAtbGlicmFyeQACAGovOlVzZXJzOnNoYW5ub246RG9jdW1lbnRzOjAxLVByb2Zlc3Npb25hbDowMS1Qcm9qZWN0czphY3RpdmUtc2hhcGU6cGFwZXI6MDAtbGlicmFyeTpQZXRyb2ZmRUFfMjAxNV9QUkwucGRmAA4ALgAWAFAAZQB0AHIAbwBmAGYARQBBAF8AMgAwADEANQBfAFAAUgBMAC4AcABkAGYADwAaAAwATQBhAGMAaQBuAHQAbwBzAGgAIABIAEQAEgBoVXNlcnMvc2hhbm5vbi9Eb2N1bWVudHMvMDEtUHJvZmVzc2lvbmFsLzAxLVByb2plY3RzL2FjdGl2ZS1zaGFwZS9wYXBlci8wMC1saWJyYXJ5L1BldHJvZmZFQV8yMDE1X1BSTC5wZGYAEwABLwAAFQACAA7//wAAAAgADQAaACQAPQAAAAAAAAIBAAAAAAAAAAUAAAAAAAAAAAAAAAAAAAIf},
	Bdsk-Url-1 = {http://dx.doi.org/10.1103/PhysRevLett.114.158102},
	Bdsk-Url-2 = {http://dx.doi.org/10.1103/physrevlett.114.158102}}

@article{Purcell_1977_AmericanJPhys,
	Author = {Purcell, E. A.},
	Date-Added = {2017-06-03 19:14:07 +0000},
	Date-Modified = {2017-06-03 19:35:53 +0000},
	Journal = {American Journal of Physics},
	Number = {1},
	Pages = {3-11},
	Title = {Life at low Reynolds number},
	Volume = {45},
	Year = {1977},
	Bdsk-File-1 = {YnBsaXN0MDDSAQIDBFxyZWxhdGl2ZVBhdGhZYWxpYXNEYXRhXxAeUHVyY2VsbF8xOTc3X0FtZXJpY2FuSlBoeXMucGRmTxEB/gAAAAAB/gACAAAMTWFjaW50b3NoIEhEAAAAAAAAAAAAAAAAAAAAAAAAAEJEAAH/////HlB1cmNlbGxfMTk3N19BbWVyaWNhbkpQaHlzLnBkZgAAAAAAAAAAAAAAAAAAAAAAAAAAAAAAAAAAAAAAAAAAAP////8AAAAAAAAAAAAAAAAAAQACAAAKIGN1AAAAAAAAAAAAAAAAAAowMC1saWJyYXJ5AAIAci86VXNlcnM6c2hhbm5vbjpEb2N1bWVudHM6MDEtUHJvZmVzc2lvbmFsOjAxLVByb2plY3RzOmFjdGl2ZS1zaGFwZTpwYXBlcjowMC1saWJyYXJ5OlB1cmNlbGxfMTk3N19BbWVyaWNhbkpQaHlzLnBkZgAOAD4AHgBQAHUAcgBjAGUAbABsAF8AMQA5ADcANwBfAEEAbQBlAHIAaQBjAGEAbgBKAFAAaAB5AHMALgBwAGQAZgAPABoADABNAGEAYwBpAG4AdABvAHMAaAAgAEgARAASAHBVc2Vycy9zaGFubm9uL0RvY3VtZW50cy8wMS1Qcm9mZXNzaW9uYWwvMDEtUHJvamVjdHMvYWN0aXZlLXNoYXBlL3BhcGVyLzAwLWxpYnJhcnkvUHVyY2VsbF8xOTc3X0FtZXJpY2FuSlBoeXMucGRmABMAAS8AABUAAgAO//8AAAAIAA0AGgAkAEUAAAAAAAACAQAAAAAAAAAFAAAAAAAAAAAAAAAAAAACRw==}}

@article{Ramaswamy_2010_AnnRevConMatPhys,
	Author = {Ramaswamy, Sriram},
	Date-Added = {2017-06-03 19:14:07 +0000},
	Date-Modified = {2017-06-03 19:19:35 +0000},
	Doi = {10.1146/annurev-conmatphys-070909-104101},
	Issn = {1947-5462},
	Journal = {Annual Review of Condensed Matter Physics},
	Month = {Aug},
	Number = {1},
	Pages = {323--345},
	Publisher = {Annual Reviews},
	Title = {The Mechanics and Statistics of Active Matter},
	Url = {http://dx.doi.org/10.1146/annurev-conmatphys-070909-104101},
	Volume = {1},
	Year = {2010},
	Bdsk-File-1 = {YnBsaXN0MDDSAQIDBFxyZWxhdGl2ZVBhdGhZYWxpYXNEYXRhXxAjUmFtYXN3YW15XzIwMTBfQW5uUmV2Q29uTWF0UGh5cy5wZGZPEQIUAAAAAAIUAAIAAAxNYWNpbnRvc2ggSEQAAAAAAAAAAAAAAAAAAAAAAAAAQkQAAf////8fUmFtYXN3YW15XzIwMTBfQW5uI0ZGRkZGRkZGLnBkZgAAAAAAAAAAAAAAAAAAAAAAAAAAAAAAAAAAAAAAAAAA/////wAAAAAAAAAAAAAAAAABAAIAAAogY3UAAAAAAAAAAAAAAAAACjAwLWxpYnJhcnkAAgB3LzpVc2VyczpzaGFubm9uOkRvY3VtZW50czowMS1Qcm9mZXNzaW9uYWw6MDEtUHJvamVjdHM6YWN0aXZlLXNoYXBlOnBhcGVyOjAwLWxpYnJhcnk6UmFtYXN3YW15XzIwMTBfQW5uUmV2Q29uTWF0UGh5cy5wZGYAAA4ASAAjAFIAYQBtAGEAcwB3AGEAbQB5AF8AMgAwADEAMABfAEEAbgBuAFIAZQB2AEMAbwBuAE0AYQB0AFAAaAB5AHMALgBwAGQAZgAPABoADABNAGEAYwBpAG4AdABvAHMAaAAgAEgARAASAHVVc2Vycy9zaGFubm9uL0RvY3VtZW50cy8wMS1Qcm9mZXNzaW9uYWwvMDEtUHJvamVjdHMvYWN0aXZlLXNoYXBlL3BhcGVyLzAwLWxpYnJhcnkvUmFtYXN3YW15XzIwMTBfQW5uUmV2Q29uTWF0UGh5cy5wZGYAABMAAS8AABUAAgAO//8AAAAIAA0AGgAkAEoAAAAAAAACAQAAAAAAAAAFAAAAAAAAAAAAAAAAAAACYg==},
	Bdsk-Url-1 = {http://dx.doi.org/10.1146/annurev-conmatphys-070909-104101}}

@article{Redner_2013_PRE,
	Author = {Redner, Gabriel S. and Baskaran, Aparna and Hagan, Michael F.},
	Date-Added = {2017-06-03 19:14:07 +0000},
	Date-Modified = {2018-06-15 13:39:12 +0000},
	Doi = {10.1103/physreve.88.012305},
	Issn = {1550-2376},
	Journal = {Physical Review E},
	Month = {Jul},
	Number = {1},
	Publisher = {American Physical Society (APS)},
	Title = {Reentrant phase behavior in active colloids with attraction},
	Url = {http://dx.doi.org/10.1103/PhysRevE.88.012305},
	Volume = {88},
	Year = {2013},
	Bdsk-File-1 = {YnBsaXN0MDDSAQIDBFxyZWxhdGl2ZVBhdGhZYWxpYXNEYXRhXxAVUmVkbmVyRUFfMjAxM19QUkUucGRmTxEB3AAAAAAB3AACAAAMTWFjaW50b3NoIEhEAAAAAAAAAAAAAAAAAAAAAAAAAEJEAAH/////FVJlZG5lckVBXzIwMTNfUFJFLnBkZgAAAAAAAAAAAAAAAAAAAAAAAAAAAAAAAAAAAAAAAAAAAAAAAAAAAAAAAP////8AAAAAAAAAAAAAAAAAAQACAAAKIGN1AAAAAAAAAAAAAAAAAAowMC1saWJyYXJ5AAIAaS86VXNlcnM6c2hhbm5vbjpEb2N1bWVudHM6MDEtUHJvZmVzc2lvbmFsOjAxLVByb2plY3RzOmFjdGl2ZS1zaGFwZTpwYXBlcjowMC1saWJyYXJ5OlJlZG5lckVBXzIwMTNfUFJFLnBkZgAADgAsABUAUgBlAGQAbgBlAHIARQBBAF8AMgAwADEAMwBfAFAAUgBFAC4AcABkAGYADwAaAAwATQBhAGMAaQBuAHQAbwBzAGgAIABIAEQAEgBnVXNlcnMvc2hhbm5vbi9Eb2N1bWVudHMvMDEtUHJvZmVzc2lvbmFsLzAxLVByb2plY3RzL2FjdGl2ZS1zaGFwZS9wYXBlci8wMC1saWJyYXJ5L1JlZG5lckVBXzIwMTNfUFJFLnBkZgAAEwABLwAAFQACAA7//wAAAAgADQAaACQAPAAAAAAAAAIBAAAAAAAAAAUAAAAAAAAAAAAAAAAAAAIc},
	Bdsk-Url-1 = {http://dx.doi.org/10.1103/PhysRevE.88.012305},
	Bdsk-Url-2 = {http://dx.doi.org/10.1103/physreve.88.012305}}

@article{Redner_2013_PRL,
	Author = {Redner, Gabriel S. and Hagan, Michael F. and Baskaran, Aparna},
	Date-Added = {2017-06-03 19:14:07 +0000},
	Date-Modified = {2018-06-15 13:39:18 +0000},
	Doi = {10.1103/physrevlett.110.055701},
	Issn = {1079-7114},
	Journal = {Physical Review Letters},
	Month = {Jan},
	Number = {5},
	Publisher = {American Physical Society (APS)},
	Title = {Structure and Dynamics of a Phase-Separating Active Colloidal Fluid},
	Url = {http://dx.doi.org/10.1103/PhysRevLett.110.055701},
	Volume = {110},
	Year = {2013},
	Bdsk-File-1 = {YnBsaXN0MDDSAQIDBFxyZWxhdGl2ZVBhdGhZYWxpYXNEYXRhXxAVUmVkbmVyRUFfMjAxM19QUkwucGRmTxEB3AAAAAAB3AACAAAMTWFjaW50b3NoIEhEAAAAAAAAAAAAAAAAAAAAAAAAAEJEAAH/////FVJlZG5lckVBXzIwMTNfUFJMLnBkZgAAAAAAAAAAAAAAAAAAAAAAAAAAAAAAAAAAAAAAAAAAAAAAAAAAAAAAAP////8AAAAAAAAAAAAAAAAAAQACAAAKIGN1AAAAAAAAAAAAAAAAAAowMC1saWJyYXJ5AAIAaS86VXNlcnM6c2hhbm5vbjpEb2N1bWVudHM6MDEtUHJvZmVzc2lvbmFsOjAxLVByb2plY3RzOmFjdGl2ZS1zaGFwZTpwYXBlcjowMC1saWJyYXJ5OlJlZG5lckVBXzIwMTNfUFJMLnBkZgAADgAsABUAUgBlAGQAbgBlAHIARQBBAF8AMgAwADEAMwBfAFAAUgBMAC4AcABkAGYADwAaAAwATQBhAGMAaQBuAHQAbwBzAGgAIABIAEQAEgBnVXNlcnMvc2hhbm5vbi9Eb2N1bWVudHMvMDEtUHJvZmVzc2lvbmFsLzAxLVByb2plY3RzL2FjdGl2ZS1zaGFwZS9wYXBlci8wMC1saWJyYXJ5L1JlZG5lckVBXzIwMTNfUFJMLnBkZgAAEwABLwAAFQACAA7//wAAAAgADQAaACQAPAAAAAAAAAIBAAAAAAAAAAUAAAAAAAAAAAAAAAAAAAIc},
	Bdsk-Url-1 = {http://dx.doi.org/10.1103/PhysRevLett.110.055701},
	Bdsk-Url-2 = {http://dx.doi.org/10.1103/physrevlett.110.055701}}

@article{Sabrina_2015_SoftMatter,
	Author = {Sabrina, Syeda and Spellings, Matthew and Glotzer, Sharon C. and Bishop, Kyle J. M.},
	Date-Added = {2017-06-03 19:14:07 +0000},
	Date-Modified = {2018-06-15 13:39:24 +0000},
	Doi = {10.1039/c5sm01753j},
	Issn = {1744-6848},
	Journal = {Soft Matter},
	Number = {43},
	Pages = {8409--8416},
	Publisher = {Royal Society of Chemistry (RSC)},
	Title = {Coarsening dynamics of binary liquids with active rotation},
	Url = {http://dx.doi.org/10.1039/c5sm01753j},
	Volume = {11},
	Year = {2015},
	Bdsk-File-1 = {YnBsaXN0MDDSAQIDBFxyZWxhdGl2ZVBhdGhZYWxpYXNEYXRhXxAdU2FicmluYUVBXzIwMTVfU29mdE1hdHRlci5wZGZPEQH8AAAAAAH8AAIAAAxNYWNpbnRvc2ggSEQAAAAAAAAAAAAAAAAAAAAAAAAAQkQAAf////8dU2FicmluYUVBXzIwMTVfU29mdE1hdHRlci5wZGYAAAAAAAAAAAAAAAAAAAAAAAAAAAAAAAAAAAAAAAAAAAAA/////wAAAAAAAAAAAAAAAAABAAIAAAogY3UAAAAAAAAAAAAAAAAACjAwLWxpYnJhcnkAAgBxLzpVc2VyczpzaGFubm9uOkRvY3VtZW50czowMS1Qcm9mZXNzaW9uYWw6MDEtUHJvamVjdHM6YWN0aXZlLXNoYXBlOnBhcGVyOjAwLWxpYnJhcnk6U2FicmluYUVBXzIwMTVfU29mdE1hdHRlci5wZGYAAA4APAAdAFMAYQBiAHIAaQBuAGEARQBBAF8AMgAwADEANQBfAFMAbwBmAHQATQBhAHQAdABlAHIALgBwAGQAZgAPABoADABNAGEAYwBpAG4AdABvAHMAaAAgAEgARAASAG9Vc2Vycy9zaGFubm9uL0RvY3VtZW50cy8wMS1Qcm9mZXNzaW9uYWwvMDEtUHJvamVjdHMvYWN0aXZlLXNoYXBlL3BhcGVyLzAwLWxpYnJhcnkvU2FicmluYUVBXzIwMTVfU29mdE1hdHRlci5wZGYAABMAAS8AABUAAgAO//8AAAAIAA0AGgAkAEQAAAAAAAACAQAAAAAAAAAFAAAAAAAAAAAAAAAAAAACRA==},
	Bdsk-Url-1 = {http://dx.doi.org/10.1039/c5sm01753j}}

@article{Solon_2015_NaturePhysics,
	Author = {Solon, A. P. and Fily, Y. and Baskaran, A. and Cates, M. E. and Kafri, Y. and Kardar, M. and Tailleur, J.},
	Date-Added = {2017-06-03 19:14:07 +0000},
	Date-Modified = {2018-06-15 13:39:26 +0000},
	Doi = {10.1038/nphys3377},
	Issn = {1745-2481},
	Journal = {Nature Physics},
	Month = {Jun},
	Number = {8},
	Pages = {673--678},
	Publisher = {Springer Nature},
	Title = {Pressure is not a state function for generic active fluids},
	Url = {http://dx.doi.org/10.1038/NPHYS3377},
	Volume = {11},
	Year = {2015},
	Bdsk-File-1 = {YnBsaXN0MDDSAQIDBFxyZWxhdGl2ZVBhdGhZYWxpYXNEYXRhXxAeU29sb25FQV8yMDE1X05hdHVyZVBoeXNpY3MucGRmTxEB/gAAAAAB/gACAAAMTWFjaW50b3NoIEhEAAAAAAAAAAAAAAAAAAAAAAAAAEJEAAH/////HlNvbG9uRUFfMjAxNV9OYXR1cmVQaHlzaWNzLnBkZgAAAAAAAAAAAAAAAAAAAAAAAAAAAAAAAAAAAAAAAAAAAP////8AAAAAAAAAAAAAAAAAAQACAAAKIGN1AAAAAAAAAAAAAAAAAAowMC1saWJyYXJ5AAIAci86VXNlcnM6c2hhbm5vbjpEb2N1bWVudHM6MDEtUHJvZmVzc2lvbmFsOjAxLVByb2plY3RzOmFjdGl2ZS1zaGFwZTpwYXBlcjowMC1saWJyYXJ5OlNvbG9uRUFfMjAxNV9OYXR1cmVQaHlzaWNzLnBkZgAOAD4AHgBTAG8AbABvAG4ARQBBAF8AMgAwADEANQBfAE4AYQB0AHUAcgBlAFAAaAB5AHMAaQBjAHMALgBwAGQAZgAPABoADABNAGEAYwBpAG4AdABvAHMAaAAgAEgARAASAHBVc2Vycy9zaGFubm9uL0RvY3VtZW50cy8wMS1Qcm9mZXNzaW9uYWwvMDEtUHJvamVjdHMvYWN0aXZlLXNoYXBlL3BhcGVyLzAwLWxpYnJhcnkvU29sb25FQV8yMDE1X05hdHVyZVBoeXNpY3MucGRmABMAAS8AABUAAgAO//8AAAAIAA0AGgAkAEUAAAAAAAACAQAAAAAAAAAFAAAAAAAAAAAAAAAAAAACRw==},
	Bdsk-Url-1 = {http://dx.doi.org/10.1038/NPHYS3377},
	Bdsk-Url-2 = {http://dx.doi.org/10.1038/nphys3377}}

@article{Spellings_2015_PNAS,
	Author = {Spellings, Matthew and Engel, Michael and Klotsa, Daphne and Sabrina, Syeda and Drews, Aaron M. and Nguyen, Nguyen H. P. and Bishop, Kyle J. M. and Glotzer, Sharon C.},
	Date-Added = {2017-06-03 19:14:07 +0000},
	Date-Modified = {2018-06-15 13:39:31 +0000},
	Doi = {10.1073/pnas.1513361112},
	Issn = {1091-6490},
	Journal = {Proceedings of the National Academy of Sciences},
	Month = {Aug},
	Number = {34},
	Pages = {E4642--E4650},
	Publisher = {Proceedings of the National Academy of Sciences},
	Title = {Shape control and compartmentalization in active colloidal cells},
	Url = {http://dx.doi.org/10.1073/pnas.1513361112},
	Volume = {112},
	Year = {2015},
	Bdsk-File-1 = {YnBsaXN0MDDSAQIDBFxyZWxhdGl2ZVBhdGhZYWxpYXNEYXRhXxAZU3BlbGxpbmdzRUFfMjAxNV9QTkFTLnBkZk8RAewAAAAAAewAAgAADE1hY2ludG9zaCBIRAAAAAAAAAAAAAAAAAAAAAAAAABCRAAB/////xlTcGVsbGluZ3NFQV8yMDE1X1BOQVMucGRmAAAAAAAAAAAAAAAAAAAAAAAAAAAAAAAAAAAAAAAAAAAAAAAAAAD/////AAAAAAAAAAAAAAAAAAEAAgAACiBjdQAAAAAAAAAAAAAAAAAKMDAtbGlicmFyeQACAG0vOlVzZXJzOnNoYW5ub246RG9jdW1lbnRzOjAxLVByb2Zlc3Npb25hbDowMS1Qcm9qZWN0czphY3RpdmUtc2hhcGU6cGFwZXI6MDAtbGlicmFyeTpTcGVsbGluZ3NFQV8yMDE1X1BOQVMucGRmAAAOADQAGQBTAHAAZQBsAGwAaQBuAGcAcwBFAEEAXwAyADAAMQA1AF8AUABOAEEAUwAuAHAAZABmAA8AGgAMAE0AYQBjAGkAbgB0AG8AcwBoACAASABEABIAa1VzZXJzL3NoYW5ub24vRG9jdW1lbnRzLzAxLVByb2Zlc3Npb25hbC8wMS1Qcm9qZWN0cy9hY3RpdmUtc2hhcGUvcGFwZXIvMDAtbGlicmFyeS9TcGVsbGluZ3NFQV8yMDE1X1BOQVMucGRmAAATAAEvAAAVAAIADv//AAAACAANABoAJABAAAAAAAAAAgEAAAAAAAAABQAAAAAAAAAAAAAAAAAAAjA=},
	Bdsk-Url-1 = {http://dx.doi.org/10.1073/pnas.1513361112}}

@article{Suma_2014_EPL,
	Author = {Suma, A. and Gonnella, G. and Marenduzzo, D. and Orlandini, E.},
	Date-Added = {2017-06-03 19:14:07 +0000},
	Date-Modified = {2018-06-15 13:39:33 +0000},
	Journal = {Europhysics Letters},
	Number = {56004},
	Title = {Motility-induced phase separation in an active dumbbell fluid},
	Volume = {108},
	Year = {2014},
	Bdsk-File-1 = {YnBsaXN0MDDSAQIDBFxyZWxhdGl2ZVBhdGhZYWxpYXNEYXRhXxATU3VtYUVBXzIwMTRfRVBMLnBkZk8RAhwAAAAAAhwAAgAACFBFUElUT05FAAAAAAAAAAAAAAAAAAAAAAAAANM6nlJIKwAAARlT7xNTdW1hRUFfMjAxNF9FUEwucGRmAAAAAAAAAAAAAAAAAAAAAAAAAAAAAAAAAAAAAAAAAAAAAAAAAAAAAAAAAAABGVRW01E2NgAAAAAAAAAAAAEAAgAACSAAAAAAAAAAAAAAAAAAAAAMQmlibGlvZ3JhcGh5ABAACAAA0zrWkgAAABEACAAA01FudgAAAAEAIAEZU+8BGVILARlQSgEZSkcAGiRiABoiCAAZqHMAAABwAAIAeFBFUElUT05FOlVzZXJzOgBtb3JhbnNlOgBEcm9wYm94OgAwMSBBQ1RJVkU6ADAxIFByb2Zlc3Npb25hbDoAMDQgTGFiOgAwNiBTaGFwZXMgUGFwZXI6AEJpYmxpb2dyYXBoeToAU3VtYUVBXzIwMTRfRVBMLnBkZgAOACgAEwBTAHUAbQBhAEUAQQBfADIAMAAxADQAXwBFAFAATAAuAHAAZABmAA8AEgAIAFAARQBQAEkAVABPAE4ARQASAGdVc2Vycy9tb3JhbnNlL0Ryb3Bib3gvMDEgQUNUSVZFLzAxIFByb2Zlc3Npb25hbC8wNCBMYWIvMDYgU2hhcGVzIFBhcGVyL0JpYmxpb2dyYXBoeS9TdW1hRUFfMjAxNF9FUEwucGRmAAATAAEvAAAVAAIADv//AAAACAANABoAJAA6AAAAAAAAAgEAAAAAAAAABQAAAAAAAAAAAAAAAAAAAlo=}}

@article{Takatori_2015_PRE,
	Author = {Takatori, S. C. and Brady, J. F.},
	Date-Added = {2017-06-03 19:14:07 +0000},
	Date-Modified = {2018-06-15 13:39:38 +0000},
	Doi = {10.1103/physreve.91.032117},
	Issn = {1550-2376},
	Journal = {Physical Review E},
	Month = {Mar},
	Number = {3},
	Publisher = {American Physical Society (APS)},
	Title = {Towards a thermodynamics of active matter},
	Url = {http://dx.doi.org/10.1103/PhysRevE.91.032117},
	Volume = {91},
	Year = {2015},
	Bdsk-File-1 = {YnBsaXN0MDDSAQIDBFxyZWxhdGl2ZVBhdGhZYWxpYXNEYXRhXxAaVGFrYXRvcmlCcmFkeV8yMDE1X1BSRS5wZGZPEQHuAAAAAAHuAAIAAAxNYWNpbnRvc2ggSEQAAAAAAAAAAAAAAAAAAAAAAAAAQkQAAf////8aVGFrYXRvcmlCcmFkeV8yMDE1X1BSRS5wZGYAAAAAAAAAAAAAAAAAAAAAAAAAAAAAAAAAAAAAAAAAAAAAAAAA/////wAAAAAAAAAAAAAAAAABAAIAAAogY3UAAAAAAAAAAAAAAAAACjAwLWxpYnJhcnkAAgBuLzpVc2VyczpzaGFubm9uOkRvY3VtZW50czowMS1Qcm9mZXNzaW9uYWw6MDEtUHJvamVjdHM6YWN0aXZlLXNoYXBlOnBhcGVyOjAwLWxpYnJhcnk6VGFrYXRvcmlCcmFkeV8yMDE1X1BSRS5wZGYADgA2ABoAVABhAGsAYQB0AG8AcgBpAEIAcgBhAGQAeQBfADIAMAAxADUAXwBQAFIARQAuAHAAZABmAA8AGgAMAE0AYQBjAGkAbgB0AG8AcwBoACAASABEABIAbFVzZXJzL3NoYW5ub24vRG9jdW1lbnRzLzAxLVByb2Zlc3Npb25hbC8wMS1Qcm9qZWN0cy9hY3RpdmUtc2hhcGUvcGFwZXIvMDAtbGlicmFyeS9UYWthdG9yaUJyYWR5XzIwMTVfUFJFLnBkZgATAAEvAAAVAAIADv//AAAACAANABoAJABBAAAAAAAAAgEAAAAAAAAABQAAAAAAAAAAAAAAAAAAAjM=},
	Bdsk-Url-1 = {http://dx.doi.org/10.1103/PhysRevE.91.032117},
	Bdsk-Url-2 = {http://dx.doi.org/10.1103/physreve.91.032117}}

@article{Takatori_2016_CurrentOpinionColloidInterfaceScience,
	Author = {Takatori, S. C. and Brady, J. F.},
	Date-Added = {2017-06-03 19:14:07 +0000},
	Date-Modified = {2018-06-15 13:39:42 +0000},
	Journal = {Current Opinion in Colloid \& Interface Science},
	Pages = {24-33},
	Title = {Forces, stresses, and the (thermo?) dynamics of active matter},
	Volume = {21},
	Year = {2016},
	Bdsk-File-1 = {YnBsaXN0MDDSAQIDBFxyZWxhdGl2ZVBhdGhZYWxpYXNEYXRhXxA8VGFrYXRvcmlCcmFkeV8yMDE2X0N1cnJlbnRPcGluaW9uQ29sbG9pZEludGVyZmFjZVNjaWVuY2UucGRmTxECdgAAAAACdgACAAAMTWFjaW50b3NoIEhEAAAAAAAAAAAAAAAAAAAAAAAAAEJEAAH/////H1Rha2F0b3JpQnJhZHlfMjAxNiNGRkZGRkZGRi5wZGYAAAAAAAAAAAAAAAAAAAAAAAAAAAAAAAAAAAAAAAAAAP////8AAAAAAAAAAAAAAAAAAQACAAAKIGN1AAAAAAAAAAAAAAAAAAowMC1saWJyYXJ5AAIAkC86VXNlcnM6c2hhbm5vbjpEb2N1bWVudHM6MDEtUHJvZmVzc2lvbmFsOjAxLVByb2plY3RzOmFjdGl2ZS1zaGFwZTpwYXBlcjowMC1saWJyYXJ5OlRha2F0b3JpQnJhZHlfMjAxNl9DdXJyZW50T3BpbmlvbkNvbGxvaWRJbnRlcmZhY2VTY2llbmNlLnBkZgAOAHoAPABUAGEAawBhAHQAbwByAGkAQgByAGEAZAB5AF8AMgAwADEANgBfAEMAdQByAHIAZQBuAHQATwBwAGkAbgBpAG8AbgBDAG8AbABsAG8AaQBkAEkAbgB0AGUAcgBmAGEAYwBlAFMAYwBpAGUAbgBjAGUALgBwAGQAZgAPABoADABNAGEAYwBpAG4AdABvAHMAaAAgAEgARAASAI5Vc2Vycy9zaGFubm9uL0RvY3VtZW50cy8wMS1Qcm9mZXNzaW9uYWwvMDEtUHJvamVjdHMvYWN0aXZlLXNoYXBlL3BhcGVyLzAwLWxpYnJhcnkvVGFrYXRvcmlCcmFkeV8yMDE2X0N1cnJlbnRPcGluaW9uQ29sbG9pZEludGVyZmFjZVNjaWVuY2UucGRmABMAAS8AABUAAgAO//8AAAAIAA0AGgAkAGMAAAAAAAACAQAAAAAAAAAFAAAAAAAAAAAAAAAAAAAC3Q==}}

@article{Takatori_2014_PRL,
	Author = {Takatori, S. C. and Yan, W. and Brady, J. F.},
	Date-Added = {2017-06-03 19:14:07 +0000},
	Date-Modified = {2018-06-15 13:39:45 +0000},
	Doi = {10.1103/physrevlett.113.028103},
	Issn = {1079-7114},
	Journal = {Physical Review Letters},
	Month = {Jul},
	Number = {2},
	Publisher = {American Physical Society (APS)},
	Title = {Swim Pressure: Stress Generation in Active Matter},
	Url = {http://dx.doi.org/10.1103/PhysRevLett.113.028103},
	Volume = {113},
	Year = {2014},
	Bdsk-File-1 = {YnBsaXN0MDDSAQIDBFxyZWxhdGl2ZVBhdGhZYWxpYXNEYXRhXxAXVGFrYXRvcmlFQV8yMDE0X1BSTC5wZGZPEQHkAAAAAAHkAAIAAAxNYWNpbnRvc2ggSEQAAAAAAAAAAAAAAAAAAAAAAAAAQkQAAf////8XVGFrYXRvcmlFQV8yMDE0X1BSTC5wZGYAAAAAAAAAAAAAAAAAAAAAAAAAAAAAAAAAAAAAAAAAAAAAAAAAAAAA/////wAAAAAAAAAAAAAAAAABAAIAAAogY3UAAAAAAAAAAAAAAAAACjAwLWxpYnJhcnkAAgBrLzpVc2VyczpzaGFubm9uOkRvY3VtZW50czowMS1Qcm9mZXNzaW9uYWw6MDEtUHJvamVjdHM6YWN0aXZlLXNoYXBlOnBhcGVyOjAwLWxpYnJhcnk6VGFrYXRvcmlFQV8yMDE0X1BSTC5wZGYAAA4AMAAXAFQAYQBrAGEAdABvAHIAaQBFAEEAXwAyADAAMQA0AF8AUABSAEwALgBwAGQAZgAPABoADABNAGEAYwBpAG4AdABvAHMAaAAgAEgARAASAGlVc2Vycy9zaGFubm9uL0RvY3VtZW50cy8wMS1Qcm9mZXNzaW9uYWwvMDEtUHJvamVjdHMvYWN0aXZlLXNoYXBlL3BhcGVyLzAwLWxpYnJhcnkvVGFrYXRvcmlFQV8yMDE0X1BSTC5wZGYAABMAAS8AABUAAgAO//8AAAAIAA0AGgAkAD4AAAAAAAACAQAAAAAAAAAFAAAAAAAAAAAAAAAAAAACJg==},
	Bdsk-Url-1 = {http://dx.doi.org/10.1103/PhysRevLett.113.028103},
	Bdsk-Url-2 = {http://dx.doi.org/10.1103/physrevlett.113.028103}}

@article{VanDerMeer_2016_SoftMatter,
	Author = {van der Meer, B. and Dijkstra, M. and Filion, L.},
	Date-Added = {2017-06-03 19:14:07 +0000},
	Date-Modified = {2018-06-15 13:40:01 +0000},
	Doi = {10.1039/c6sm00700g},
	Issn = {1744-6848},
	Journal = {Soft Matter},
	Number = {25},
	Pages = {5630--5635},
	Publisher = {Royal Society of Chemistry (RSC)},
	Title = {Removing grain boundaries from three-dimensional colloidal crystals using active dopants},
	Url = {http://dx.doi.org/10.1039/c6sm00700g},
	Volume = {12},
	Year = {2016},
	Bdsk-File-1 = {YnBsaXN0MDDSAQIDBFxyZWxhdGl2ZVBhdGhZYWxpYXNEYXRhXxAsVmFuRGVyTWVlckRpamtzdHJhRmlsaW9uXzIwMTZfU29mdE1hdHRlci5wZGZPEQI2AAAAAAI2AAIAAAxNYWNpbnRvc2ggSEQAAAAAAAAAAAAAAAAAAAAAAAAAQkQAAf////8fVmFuRGVyTWVlckRpamtzdHJhI0ZGRkZGRkZGLnBkZgAAAAAAAAAAAAAAAAAAAAAAAAAAAAAAAAAAAAAAAAAA/////wAAAAAAAAAAAAAAAAABAAIAAAogY3UAAAAAAAAAAAAAAAAACjAwLWxpYnJhcnkAAgCALzpVc2VyczpzaGFubm9uOkRvY3VtZW50czowMS1Qcm9mZXNzaW9uYWw6MDEtUHJvamVjdHM6YWN0aXZlLXNoYXBlOnBhcGVyOjAwLWxpYnJhcnk6VmFuRGVyTWVlckRpamtzdHJhRmlsaW9uXzIwMTZfU29mdE1hdHRlci5wZGYADgBaACwAVgBhAG4ARABlAHIATQBlAGUAcgBEAGkAagBrAHMAdAByAGEARgBpAGwAaQBvAG4AXwAyADAAMQA2AF8AUwBvAGYAdABNAGEAdAB0AGUAcgAuAHAAZABmAA8AGgAMAE0AYQBjAGkAbgB0AG8AcwBoACAASABEABIAflVzZXJzL3NoYW5ub24vRG9jdW1lbnRzLzAxLVByb2Zlc3Npb25hbC8wMS1Qcm9qZWN0cy9hY3RpdmUtc2hhcGUvcGFwZXIvMDAtbGlicmFyeS9WYW5EZXJNZWVyRGlqa3N0cmFGaWxpb25fMjAxNl9Tb2Z0TWF0dGVyLnBkZgATAAEvAAAVAAIADv//AAAACAANABoAJABTAAAAAAAAAgEAAAAAAAAABQAAAAAAAAAAAAAAAAAAAo0=},
	Bdsk-Url-1 = {http://dx.doi.org/10.1039/c6sm00700g}}

@article{Vicsek_1995_PRL,
	Author = {Vicsek, T. and Czir\'{o}k, Ben-Jacob, E. and Cohen, I. and Shochet, O.},
	Date-Added = {2017-06-03 19:14:07 +0000},
	Date-Modified = {2018-06-15 13:40:15 +0000},
	Journal = {Physical Review Letters},
	Number = {6},
	Title = {Novel Type of Phase Transition in a System of Self-Driven Particles},
	Volume = {75},
	Year = {1995},
	Bdsk-File-1 = {YnBsaXN0MDDSAQIDBFxyZWxhdGl2ZVBhdGhZYWxpYXNEYXRhXxAVVmljc2VrRUFfMTk5NV9QUkwucGRmTxEB3AAAAAAB3AACAAAMTWFjaW50b3NoIEhEAAAAAAAAAAAAAAAAAAAAAAAAAEJEAAH/////FVZpY3Nla0VBXzE5OTVfUFJMLnBkZgAAAAAAAAAAAAAAAAAAAAAAAAAAAAAAAAAAAAAAAAAAAAAAAAAAAAAAAP////8AAAAAAAAAAAAAAAAAAQACAAAKIGN1AAAAAAAAAAAAAAAAAAowMC1saWJyYXJ5AAIAaS86VXNlcnM6c2hhbm5vbjpEb2N1bWVudHM6MDEtUHJvZmVzc2lvbmFsOjAxLVByb2plY3RzOmFjdGl2ZS1zaGFwZTpwYXBlcjowMC1saWJyYXJ5OlZpY3Nla0VBXzE5OTVfUFJMLnBkZgAADgAsABUAVgBpAGMAcwBlAGsARQBBAF8AMQA5ADkANQBfAFAAUgBMAC4AcABkAGYADwAaAAwATQBhAGMAaQBuAHQAbwBzAGgAIABIAEQAEgBnVXNlcnMvc2hhbm5vbi9Eb2N1bWVudHMvMDEtUHJvZmVzc2lvbmFsLzAxLVByb2plY3RzL2FjdGl2ZS1zaGFwZS9wYXBlci8wMC1saWJyYXJ5L1ZpY3Nla0VBXzE5OTVfUFJMLnBkZgAAEwABLwAAFQACAA7//wAAAAgADQAaACQAPAAAAAAAAAIBAAAAAAAAAAUAAAAAAAAAAAAAAAAAAAIc}}

@article{Wensink_2012_JPhysConMat,
	Author = {Wensink, H. H. and Loewen, H.},
	Date-Added = {2017-06-03 19:14:07 +0000},
	Date-Modified = {2018-06-15 13:40:33 +0000},
	Journal = {Journal of Physics: Condensed Matter},
	Number = {464130},
	Title = {Emergent states in dense systems of active rods: from swarming to turbulence},
	Volume = {24},
	Year = {2012},
	Bdsk-File-1 = {YnBsaXN0MDDSAQIDBFxyZWxhdGl2ZVBhdGhZYWxpYXNEYXRhXxAiV2Vuc2lua0xvZXdlbl8yMDEyX0pQaHlzQ29uTWF0LnBkZk8RAg4AAAAAAg4AAgAADE1hY2ludG9zaCBIRAAAAAAAAAAAAAAAAAAAAAAAAABCRAAB/////x9XZW5zaW5rTG9ld2VuXzIwMTIjRkZGRkZGRkYucGRmAAAAAAAAAAAAAAAAAAAAAAAAAAAAAAAAAAAAAAAAAAD/////AAAAAAAAAAAAAAAAAAEAAgAACiBjdQAAAAAAAAAAAAAAAAAKMDAtbGlicmFyeQACAHYvOlVzZXJzOnNoYW5ub246RG9jdW1lbnRzOjAxLVByb2Zlc3Npb25hbDowMS1Qcm9qZWN0czphY3RpdmUtc2hhcGU6cGFwZXI6MDAtbGlicmFyeTpXZW5zaW5rTG9ld2VuXzIwMTJfSlBoeXNDb25NYXQucGRmAA4ARgAiAFcAZQBuAHMAaQBuAGsATABvAGUAdwBlAG4AXwAyADAAMQAyAF8ASgBQAGgAeQBzAEMAbwBuAE0AYQB0AC4AcABkAGYADwAaAAwATQBhAGMAaQBuAHQAbwBzAGgAIABIAEQAEgB0VXNlcnMvc2hhbm5vbi9Eb2N1bWVudHMvMDEtUHJvZmVzc2lvbmFsLzAxLVByb2plY3RzL2FjdGl2ZS1zaGFwZS9wYXBlci8wMC1saWJyYXJ5L1dlbnNpbmtMb2V3ZW5fMjAxMl9KUGh5c0Nvbk1hdC5wZGYAEwABLwAAFQACAA7//wAAAAgADQAaACQASQAAAAAAAAIBAAAAAAAAAAUAAAAAAAAAAAAAAAAAAAJb}}

@article{Yang_2010_PRE,
	Author = {Yang, Yingzi and Marceau, Vincent and Gompper, Gerhard},
	Date-Added = {2017-06-03 19:14:07 +0000},
	Date-Modified = {2018-06-15 13:40:42 +0000},
	Doi = {10.1103/physreve.82.031904},
	Issn = {1550-2376},
	Journal = {Physical Review E},
	Month = {Sep},
	Number = {3},
	Publisher = {American Physical Society (APS)},
	Title = {Swarm behavior of self-propelled rods and swimming flagella},
	Url = {http://dx.doi.org/10.1103/PhysRevE.82.031904},
	Volume = {82},
	Year = {2010},
	Bdsk-File-1 = {YnBsaXN0MDDSAQIDBFxyZWxhdGl2ZVBhdGhZYWxpYXNEYXRhXxATWWFuZ0VBXzIwMTBfUFJFLnBkZk8RAdQAAAAAAdQAAgAADE1hY2ludG9zaCBIRAAAAAAAAAAAAAAAAAAAAAAAAABCRAAB/////xNZYW5nRUFfMjAxMF9QUkUucGRmAAAAAAAAAAAAAAAAAAAAAAAAAAAAAAAAAAAAAAAAAAAAAAAAAAAAAAAAAAD/////AAAAAAAAAAAAAAAAAAEAAgAACiBjdQAAAAAAAAAAAAAAAAAKMDAtbGlicmFyeQACAGcvOlVzZXJzOnNoYW5ub246RG9jdW1lbnRzOjAxLVByb2Zlc3Npb25hbDowMS1Qcm9qZWN0czphY3RpdmUtc2hhcGU6cGFwZXI6MDAtbGlicmFyeTpZYW5nRUFfMjAxMF9QUkUucGRmAAAOACgAEwBZAGEAbgBnAEUAQQBfADIAMAAxADAAXwBQAFIARQAuAHAAZABmAA8AGgAMAE0AYQBjAGkAbgB0AG8AcwBoACAASABEABIAZVVzZXJzL3NoYW5ub24vRG9jdW1lbnRzLzAxLVByb2Zlc3Npb25hbC8wMS1Qcm9qZWN0cy9hY3RpdmUtc2hhcGUvcGFwZXIvMDAtbGlicmFyeS9ZYW5nRUFfMjAxMF9QUkUucGRmAAATAAEvAAAVAAIADv//AAAACAANABoAJAA6AAAAAAAAAgEAAAAAAAAABQAAAAAAAAAAAAAAAAAAAhI=},
	Bdsk-Url-1 = {http://dx.doi.org/10.1103/PhysRevE.82.031904},
	Bdsk-Url-2 = {http://dx.doi.org/10.1103/physreve.82.031904}}

@article{Zhang_2016_AngewandteChemie,
	Author = {Zhang, Jie and Yan, Jing and Granick, Steve},
	Date-Added = {2017-06-03 19:14:07 +0000},
	Date-Modified = {2018-06-15 13:40:48 +0000},
	Doi = {10.1002/anie.201509978},
	Issn = {1433-7851},
	Journal = {Angewandte Chemie International Edition},
	Month = {Mar},
	Number = {17},
	Pages = {5166--5169},
	Publisher = {Wiley-Blackwell},
	Title = {Directed Self-Assembly Pathways of Active Colloidal Clusters},
	Url = {http://dx.doi.org/10.1002/anie.201509978},
	Volume = {55},
	Year = {2016},
	Bdsk-File-1 = {YnBsaXN0MDDSAQIDBFxyZWxhdGl2ZVBhdGhZYWxpYXNEYXRhXxAkWmhhbmdZYW5FQV8yMDE2X0FuZ2V3YW5kdGVDaGVtaWUucGRmTxECFgAAAAACFgACAAAMTWFjaW50b3NoIEhEAAAAAAAAAAAAAAAAAAAAAAAAAEJEAAH/////H1poYW5nWWFuRUFfMjAxNl9BbiNGRkZGRkZGRi5wZGYAAAAAAAAAAAAAAAAAAAAAAAAAAAAAAAAAAAAAAAAAAP////8AAAAAAAAAAAAAAAAAAQACAAAKIGN1AAAAAAAAAAAAAAAAAAowMC1saWJyYXJ5AAIAeC86VXNlcnM6c2hhbm5vbjpEb2N1bWVudHM6MDEtUHJvZmVzc2lvbmFsOjAxLVByb2plY3RzOmFjdGl2ZS1zaGFwZTpwYXBlcjowMC1saWJyYXJ5OlpoYW5nWWFuRUFfMjAxNl9Bbmdld2FuZHRlQ2hlbWllLnBkZgAOAEoAJABaAGgAYQBuAGcAWQBhAG4ARQBBAF8AMgAwADEANgBfAEEAbgBnAGUAdwBhAG4AZAB0AGUAQwBoAGUAbQBpAGUALgBwAGQAZgAPABoADABNAGEAYwBpAG4AdABvAHMAaAAgAEgARAASAHZVc2Vycy9zaGFubm9uL0RvY3VtZW50cy8wMS1Qcm9mZXNzaW9uYWwvMDEtUHJvamVjdHMvYWN0aXZlLXNoYXBlL3BhcGVyLzAwLWxpYnJhcnkvWmhhbmdZYW5FQV8yMDE2X0FuZ2V3YW5kdGVDaGVtaWUucGRmABMAAS8AABUAAgAO//8AAAAIAA0AGgAkAEsAAAAAAAACAQAAAAAAAAAFAAAAAAAAAAAAAAAAAAACZQ==},
	Bdsk-Url-1 = {http://dx.doi.org/10.1002/anie.201509978}}

@article{Zhao_2011_PNAS,
	Author = {Zhao, K. and Bruinsma, R. and Mason, T. G.},
	Date-Added = {2017-06-03 19:14:07 +0000},
	Date-Modified = {2018-06-15 13:40:52 +0000},
	Doi = {10.1073/pnas.1014942108},
	Issn = {1091-6490},
	Journal = {Proceedings of the National Academy of Sciences},
	Month = {Jan},
	Number = {7},
	Pages = {2684--2687},
	Publisher = {Proceedings of the National Academy of Sciences},
	Title = {Entropic crystal-crystal transitions of Brownian squares},
	Url = {http://dx.doi.org/10.1073/pnas.1014942108},
	Volume = {108},
	Year = {2011},
	Bdsk-File-1 = {YnBsaXN0MDDSAQIDBFxyZWxhdGl2ZVBhdGhZYWxpYXNEYXRhXxAVWmhhb0VBXzIwMTFfUE5BUyAucGRmTxECOAAAAAACOAACAAAMTWFjaW50b3NoIEhEAAAAAAAAAAAAAAAAAAAA0ahyM0grAAACPSm3FVpoYW9FQV8yMDExX1BOQVMgLnBkZgAAAAAAAAAAAAAAAAAAAAAAAAAAAAAAAAAAAAAAAAAAAAAAAAAAAAAAAAI9K1XWCrofAAAAAAAAAAAAAQACAAAJIAAAAAAAAAAAAAAAAAAAAAowMC1saWJyYXJ5ABAACAAA0aiqcwAAABEACAAA1gryXwAAAAEAIAI9KbcCW3PTAj0pVAI9KPwCPSddAAbEzwAGxM4AApgNAAIAg01hY2ludG9zaCBIRDpVc2VyczoAc2hhbm5vbm1vcmFuOgBEb2N1bWVudHM6ADAxLVByb2Zlc3Npb25hbDoAMDEtUHJvamVjdHM6ADAxLUFjdGl2ZVNoYXBlOgBwYXBlcjoAMDAtbGlicmFyeToAWmhhb0VBXzIwMTFfUE5BUyAucGRmAAAOACwAFQBaAGgAYQBvAEUAQQBfADIAMAAxADEAXwBQAE4AQQBTACAALgBwAGQAZgAPABoADABNAGEAYwBpAG4AdABvAHMAaAAgAEgARAASAG5Vc2Vycy9zaGFubm9ubW9yYW4vRG9jdW1lbnRzLzAxLVByb2Zlc3Npb25hbC8wMS1Qcm9qZWN0cy8wMS1BY3RpdmVTaGFwZS9wYXBlci8wMC1saWJyYXJ5L1poYW9FQV8yMDExX1BOQVMgLnBkZgATAAEvAAAVAAIAE///AAAACAANABoAJAA8AAAAAAAAAgEAAAAAAAAABQAAAAAAAAAAAAAAAAAAAng=},
	Bdsk-Url-1 = {http://dx.doi.org/10.1073/pnas.1014942108}}

@article{Zhao_2009_PRL,
	Author = {Zhao, Kun and Mason, Thomas G.},
	Date-Added = {2017-06-03 19:14:07 +0000},
	Date-Modified = {2018-06-15 13:40:57 +0000},
	Doi = {10.1103/physrevlett.103.208302},
	Issn = {1079-7114},
	Journal = {Physical Review Letters},
	Month = {Nov},
	Number = {20},
	Publisher = {American Physical Society (APS)},
	Title = {Frustrated Rotator Crystals and Glasses of Brownian Pentagons},
	Url = {http://dx.doi.org/10.1103/PhysRevLett.103.208302},
	Volume = {103},
	Year = {2009},
	Bdsk-File-1 = {YnBsaXN0MDDSAQIDBFxyZWxhdGl2ZVBhdGhZYWxpYXNEYXRhXxAWWmhhb01hc29uXzIwMDlfUFJMLnBkZk8RAd4AAAAAAd4AAgAADE1hY2ludG9zaCBIRAAAAAAAAAAAAAAAAAAAAAAAAABCRAAB/////xZaaGFvTWFzb25fMjAwOV9QUkwucGRmAAAAAAAAAAAAAAAAAAAAAAAAAAAAAAAAAAAAAAAAAAAAAAAAAAAAAAD/////AAAAAAAAAAAAAAAAAAEAAgAACiBjdQAAAAAAAAAAAAAAAAAKMDAtbGlicmFyeQACAGovOlVzZXJzOnNoYW5ub246RG9jdW1lbnRzOjAxLVByb2Zlc3Npb25hbDowMS1Qcm9qZWN0czphY3RpdmUtc2hhcGU6cGFwZXI6MDAtbGlicmFyeTpaaGFvTWFzb25fMjAwOV9QUkwucGRmAA4ALgAWAFoAaABhAG8ATQBhAHMAbwBuAF8AMgAwADAAOQBfAFAAUgBMAC4AcABkAGYADwAaAAwATQBhAGMAaQBuAHQAbwBzAGgAIABIAEQAEgBoVXNlcnMvc2hhbm5vbi9Eb2N1bWVudHMvMDEtUHJvZmVzc2lvbmFsLzAxLVByb2plY3RzL2FjdGl2ZS1zaGFwZS9wYXBlci8wMC1saWJyYXJ5L1poYW9NYXNvbl8yMDA5X1BSTC5wZGYAEwABLwAAFQACAA7//wAAAAgADQAaACQAPQAAAAAAAAIBAAAAAAAAAAUAAAAAAAAAAAAAAAAAAAIf},
	Bdsk-Url-1 = {http://dx.doi.org/10.1103/PhysRevLett.103.208302},
	Bdsk-Url-2 = {http://dx.doi.org/10.1103/physrevlett.103.208302}}

@article{Atkinson_2012_PRE,
	Author = {Atkinson, Steven and Jiao, Yang and Torquato, Salvatore},
	Date-Added = {2017-06-03 18:18:54 +0000},
	Date-Modified = {2018-06-15 13:37:17 +0000},
	Doi = {10.1103/physreve.86.031302},
	Issn = {1550-2376},
	Journal = {Physical Review E},
	Month = {Sep},
	Number = {3},
	Publisher = {American Physical Society (APS)},
	Title = {Maximally dense packings of two-dimensional convex and concave noncircular particles},
	Url = {http://dx.doi.org/10.1103/PhysRevE.86.031302},
	Volume = {86},
	Year = {2012},
	Bdsk-File-1 = {YnBsaXN0MDDSAQIDBFxyZWxhdGl2ZVBhdGhZYWxpYXNEYXRhXxAXQXRraW5zb25FQV8yMDEyX1BSRS5wZGZPEQHkAAAAAAHkAAIAAAxNYWNpbnRvc2ggSEQAAAAAAAAAAAAAAAAAAAAAAAAAQkQAAf////8XQXRraW5zb25FQV8yMDEyX1BSRS5wZGYAAAAAAAAAAAAAAAAAAAAAAAAAAAAAAAAAAAAAAAAAAAAAAAAAAAAA/////wAAAAAAAAAAAAAAAAABAAIAAAogY3UAAAAAAAAAAAAAAAAACjAwLWxpYnJhcnkAAgBrLzpVc2VyczpzaGFubm9uOkRvY3VtZW50czowMS1Qcm9mZXNzaW9uYWw6MDEtUHJvamVjdHM6YWN0aXZlLXNoYXBlOnBhcGVyOjAwLWxpYnJhcnk6QXRraW5zb25FQV8yMDEyX1BSRS5wZGYAAA4AMAAXAEEAdABrAGkAbgBzAG8AbgBFAEEAXwAyADAAMQAyAF8AUABSAEUALgBwAGQAZgAPABoADABNAGEAYwBpAG4AdABvAHMAaAAgAEgARAASAGlVc2Vycy9zaGFubm9uL0RvY3VtZW50cy8wMS1Qcm9mZXNzaW9uYWwvMDEtUHJvamVjdHMvYWN0aXZlLXNoYXBlL3BhcGVyLzAwLWxpYnJhcnkvQXRraW5zb25FQV8yMDEyX1BSRS5wZGYAABMAAS8AABUAAgAO//8AAAAIAA0AGgAkAD4AAAAAAAACAQAAAAAAAAAFAAAAAAAAAAAAAAAAAAACJg==},
	Bdsk-Url-1 = {http://dx.doi.org/10.1103/PhysRevE.86.031302},
	Bdsk-Url-2 = {http://dx.doi.org/10.1103/physreve.86.031302}}
